2946 5070
585 466 693 525 LIBER
717 467 869 526 PRIMUS.
1200 472 1258 528 333

198 600 396 671 secutiones
407 598 592 671 imminere
602 601 863 695 cognoscimus,
879 601 1050 693 humana,
1065 626 1143 699 quae
1155 602 1261 675 nobis

198 730 383 814 suppetere
413 715 459 787 ad
484 716 568 788 talia
598 717 691 788 mala
716 717 881 790 evitanda
907 718 1063 790 remedia
1087 736 1257 816 possunt,

199 831 373 926 negligere
389 845 450 902 aut
470 832 743 929 praetermittere·
754 832 925 926 ignaviter
942 857 1016 905 non
1036 832 1230 908 debeamus
1247 863 1256 906 ε

199 945 314 1040 quod,
344 944 469 1042 procul
494 943 624 1036 dubio,
654 970 729 1016 non
751 945 848 1017 aliud
880 962 971 1019 esset
994 973 1103 1047 quam
1126 964 1261 1023 tentare

198 1063 328 1147 Deum,
345 1060 444 1157 quod
459 1085 563 1156 grave
574 1075 761 1160 peccatum
779 1077 842 1134 est.

248 1176 309 1246 His
322 1177 469 1248 instituti
479 1178 661 1275 praeceptis
672 1192 778 1275 atque
792 1177 977 1272 doctrinis,
994 1181 1170 1253 innumeri
1186 1208 1262 1281 per·

198 1293 311 1364 sancti
326 1293 404 1381 viri,
424 1317 507 1363 cum
520 1293 710 1367 sententias
725 1296 1014 1392 persequentium
1028 1296 1259 1391 declinarent,

199 1414 352 1511 propriis
368 1412 511 1485 sedibus
527 1415 675 1505 relictis,
693 1413 740 1486 ad
754 1428 890 1487 exteras
906 1417 1086 1510 irationes,
1104 1416 1166 1490 ubi
1185 1434 1261 1493 tuto

202 1528 403 1600 delitescere
418 1545 575 1629 possent,
594 1555 669 1602 sese
684 1530 925 1602 contulerunt.
943 1534 1093 1606 Sanctus
1105 1534 1262 1608 Athana·

199 1647 283 1739 sius,
301 1647 502 1744 patriarcha
518 1646 792 1736 Alexandrinus,
814 1649 1011 1720 Constantii
1029 1649 1144 1722 vitans
1164 1646 1261 1723 luro-

199 1787 288 1855 rem,
315 1763 492 1835 Treverim
518 1786 649 1861 usque,
682 1764 881 1836 Germaniae
907 1762 1055 1852 urbem,
1075 1768 1260 1864 pervenit,

199 1906 272 1979 quo
290 1882 371 1953 loco
386 1905 451 1981 per
468 1882 694 1980 septennium
710 1882 822 1954 senne
836 1881 951 1954 latuit.
969 1885 1120 1955 Sanctus
1129 1884 1264 1958 Euche-

199 1998 285 2089 rius,
306 1997 564 2069 Aurelianensis
577 1997 779 2095 episcopus,
798 1997 970 2070 Karolum
986 1997 1186 2072 Martellum
1201 1998 1263 2072 de·

199 2115 326 2203 vitans,
345 2115 382 2185 in
400 2112 631 2185 Hasbaniam¹
647 2115 746 2186 venit
769 2129 805 2186 et
825 2113 922 2213 apud
943 2114 1262 2188 Sanctum-'trudo-

201 2257 284 2302 nem
314 2256 388 2304 sese
416 2230 583 2303 occuluit.
618 2233 768 2303 Sanctus
794 2230 968 2325 Thomas,
1001 2233 1264 2304 Cantuariensis

198 2346 376 2446 pontifex,
396 2347 487 2442 regis
508 2345 703 2441 anglorum
720 2345 910 2419 adversum
927 2372 964 2418 se
980 2346 1263 2442 indignationem

200 2488 274 2534 non
292 2461 356 2535 abs
373 2488 410 2535 re
430 2479 606 2554 metuens,
623 2476 752 2560 sponte
773 2479 899 2536 contra
916 2464 1007 2560 regis
1022 2464 1191 2537 mandata
1207 2478 1263 2535 at·

200 2603 269 2675 que
294 2594 469 2678 praecepta
496 2580 541 2652 de
568 2579 708 2676 Anglia,
740 2606 814 2652 uno
840 2582 919 2652 solo
938 2582 1068 2653 comite
1087 2582 1260 2670 sociatus,

200 2696 363 2769 clanculo
379 2697 488 2768 exivit
501 2711 537 2767 et
557 2697 595 2768 in
612 2696 798 2768 Franciam
814 2697 931 2784 venit,
953 2695 1017 2767 nbi
1037 2719 1059 2768 a
1075 2695 1172 2769 dicto
1192 2700 1262 2768 An·

200 2813 340 2908 glorum
358 2837 440 2908 rege
460 2811 631 2910 plurimas
647 2812 789 2884 interim
805 2824 879 2883 tam
897 2811 934 2883 in
955 2835 993 2882 se
1010 2835 1120 2908 quam
1135 2812 1173 2881 in
1192 2813 1263 2884 suis

200 2954 323 3029 passus
350 2928 496 3025 injurias
521 2941 557 2999 et
580 2928 861 3026 persecutiones,
888 2927 1113 3025 septennium
1132 2928 1259 3023 exegit.

201 3049 270 3134 Qui
296 3047 403 3118 etiam
430 3045 512 3118 satis
537 3043 701 3142 exemplo
730 3043 812 3130 suit,
845 3068 928 3114 cum
956 3043 1117 3115 simulate
1144 3045 1263 3142 potius

201 3186 309 3260 quam
325 3189 367 3233 ex
386 3161 456 3234 fide
481 3175 559 3232 acta
579 3183 667 3258 pace
687 3183 751 3231 sua
768 3158 815 3231 ad
839 3158 1001 3257 proprias
1024 3158 1124 3230 sedes
1140 3158 1259 3254 rediit,

202 3280 325 3376 quanti
341 3278 488 3378 periculi
504 3278 548 3349 sit
562 3276 615 3361 ,de
629 3276 732 3348 hoste
749 3291 854 3372 atque
871 3275 1017 3347 inimico
1034 3277 1262 3348 reconciliato

202 3395 394 3468 confidere.
422 3399 573 3467 Sanctus
597 3417 742 3491 quoqne
775 3390 1026 3480 Eadmundus,
1061 3393 1124 3489 qui
1145 3392 1262 3465 eidem

202 3510 308 3585 beato
333 3511 476 3583 Thomae
499 3511 536 3581 in
564 3509 735 3604 regimine
759 3505 918 3603 ejusdem
939 3507 1091 3579 ecclesiae
1112 3510 1262 3581 Cantua·

203 3628 340 3715 riensis,
360 3651 434 3697 non
449 3641 569 3700 tamen
590 3625 794 3697 immediate
809 3623 995 3713 succedit',
1015 3622 1064 3695 ob
1083 3623 1260 3696 molestias

203 3769 281 3840 quae
304 3741 370 3815 sibi
394 3741 645 3838 ingerebantur
665 3743 703 3813 in
727 3741 866 3837 Anglia,
889 3741 1093 3813 transmisso
1114 3739 1204 3812 freto
1222 3741 1258 3812 in

203 3862 354 3934 Galliam
370 3861 479 3950 venit,
502 3858 638 3954 lugiens
653 3872 921 3957 persecutorum
938 3857 1094 3954 injurias,
1114 3872 1149 3928 et
1165 3857 1260 3954 apud

245 4145 274 4199 l.
295 4143 336 4198 Le
347 4159 419 4218 pays
433 4138 470 4197 de
482 4135 632 4213 Hesbaye,
647 4134 811 4215 dependant
821 4135 858 4196 de
870 4120 945 4195 celui
959 4132 996 4194 de
1010 4134 1107 4215 Lie'ge.

244 4237 273 4293 2.
297 4233 376 4292 seint
389 4231 490 4304 Edme‚
503 4230 686 4307 archeveqne
698 4229 734 4288 de
747 4229 925 4307 cantorbery
937 4246 974 4287 en
990 4230 1079 4293 1233.
