2946 5070
610 461 720 517 LIBER
746 461 896 559 Pltltltts.
1226 471 1285 533 aar

220 596 326 670 alitus
344 609 381 668 et
396 592 581 686 confotus,
596 593 812 693 sperandum
826 595 871 669 de
887 622 931 669 eo
949 598 1059 672 cuivis
1074 598 1175 685 facile
1186 603 1285 679 vide·

219 710 325 785 batru
351 709 469 808 quod,
499 710 585 797 visa,
600 711 708 783 totius
734 734 834 808 paene
864 716 963 811 regni
986 718 1041 791 sui
1067 718 1287 801 lamentabili

217 827 388 927 pauperie
413 850 455 901 ac
476 824 715 929 desolatione,
747 843 867 900 mente
891 833 1090 930 recogitans
1116 835 1283 933 gloriam,

218 943 371 1034 divitias,
386 942 605 1041 opulentiam
623 959 729 1040 atque
745 943 968 1025 honestatem
991 974 1070 1051 quae
1084 950 1122 1025 in
1143 953 1286 1055 oppidis

216 1061 285 1133 illis
300 1058 498 1156 insignibus
515 1064 542 1135 F
542 1059 762 1135 landriarum
779 1076 815 1135 et
826 1062 977 1137 aliarum
994 1081 1188 1163 terrarum,
1204 1095 1284 1169 quaa

216 1174 284 1249 sub
311 1176 453 1249 illustris
482 1175 691 1277 Burgundiae
717 1175 847 1267 domus
876 1180 1029 1278 imperio
1056 1184 1219 1260 visuntur
1248 1200 1284 1259 et
1355 1220 1362 1232 ·

215 1290 283 1365 sub
314 1290 444 1364 eodem
474 1292 625 1390 imperio
656 1293 788 1367 mirum
819 1295 866 1385 in,
893 1296 1044 1373 modum
1073 1299 1283 1375 coaluerunt

215 1424 323 1507 atque
351 1423 595 1502 excreverunt,
614 1411 643 1481 si
668 1434 740 1506 qua
762 1412 800 1483 in
820 1436 865 1485 eo
884 1413 1023 1493 virtutis
1039 1415 1234 1511 aemulati0,
1253 1420 1283 1491 si

214 1525 295 1623 quis
310 1527 431 1624 patriae
446 1550 564 1618 amor,
588 1525 712 1623 siqua
736 1527 869 1625 cupido
894 1527 1009 1601 laudis
1025 1545 1060 1604 et
1088 1532 1227 1628 gloriae,
1252 1526 1288 1605 si,

213 1664 286 1738 qua
304 1643 561 1740 compassionis
583 1657 619 1715 et
634 1642 870 1715 miserationis
886 1645 1041 1743 viscera,
1059 1648 1177 1746 siqua
1196 1675 1281 1748 pos·

158 1840 164 1855 ,
212 1770 328 1831 tremo
341 1758 408 1828 Dei
417 1757 613 1831 reuerentia
629 1757 808 1854 timorque
817 1759 1040 1851 exstitissent,
1059 1762 1157 1858 quod
1172 1789 1279 1859 gene·

210 1898 314 1949 rosus
329 1875 477 1973 piusque
505 1889 541 1946 et
559 1873 737 1969 benignus
755 1874 821 1946 viri
846 1877 988 1949 animus
1008 1878 1149 1951 incitari
1173 1894 1278 1976 atque

210 1991 425 2070 inflammari
447 1989 644 2079 debuisset,
663 2005 704 2062 ut
725 1990 915 2066 artificium
937 1993 1025 2067 illud
1049 1994 1278 2069 moderandae

210 2105 263 2189 rei
285 2104 437 2203 publicae
457 2106 494 2179 in
513 2130 664 2201 regnum
683 2130 809 2198 suum,
832 2107 953 2178 erbis
979 2134 1058 2205 quae
1083 2109 1220 2184 viderat
1242 2129 1278 2187 et
1302 2106 1305 2115 ’

209 2225 453 2321 experimento
482 2221 715 2323 probaverat,
750 2222 938 2296 transferre
966 2240 1073 2322 atque
1107 2228 1276 2303 invehere

209 2340 362 2413 voluisse
379 2339 539 2434 deberet,
558 2341 710 2439 totisque
721 2339 911 2414 conatibus
927 2355 1033 2437 atque
1048 2344 1173 2416 studiis
1189 2347 1276 2420 eniti

209 2471 249 2531 ut
266 2458 383 2555 ipsum
410 2482 579 2554 regnum,
610 2456 697 2533 olim
717 2456 865 2552 quidem
893 2457 1182 2533 florentissimum
1199 2486 1274 2534 orn-

208 2575 381 2672 niumque
412 2599 524 2672 opum
553 2574 735 2648 affluentia
761 2589 796 2646 et
825 2574 1044 2674 populorum
1076 2576 1274 2673 frequentia

208 2691 491 2781 refertissimum,
521 2689 567 2767 ad
593 2691 727 2789 priscas
753 2703 788 2763 et
811 2690 857 2763 ad
876 2691 1039 2788 antiquas
1059 2716 1140 2764 suas
1158 2692 1274 2789 digni·

207 2821 313 2899 tates,
331 2805 512 2879 libertates
526 2820 632 2903 atque
649 2805 872 2906 opulentiam
886 2821 922 2879 et
935 2806 1121 2885 decentem
1131 2808 1272 2905 justitiae

206 2919 362 3010 cultum,
383 2916 530 3017 quibus,
551 2916 645 3016 proh
664 2914 787 2988 dolori
814 2916 924 2991 sermc
945 2917 1087 3021 penitus
1103 2917 1270 3001 orbatum

206 3051 259 3109 eat
274 3049 309 3109 et
322 3034 548 3141 destitutum,
568 3047 751 3111 revocaret
763 3046 798 3111 at
811 3033 1034 3108 instauraret.

254 3153 328 3226 Tali
345 3153 451 3249 igitur
473 3151 579 3225 erecti
597 3165 704 3249 atque
728 3148 806 3223 freti
831 3173 912 3247 spe,
935 3148 982 3223 ad
1004 3173 1114 3247 quam
1136 3166 1172 3224 et
1195 3145 1271 3253 ipse

205 3283 292 3343 tunc
306 3270 489 3345 communi
504 3292 570 3341 suo
583 3291 748 3341 sermone
761 3265 1025 3362 regnicolarum
1036 3267 1176 3345 animos
1189 3258 1271 3368 pro·

204 3385 390 3473 movebat,
408 3411 492 3465 cum
507 3385 661 3461 crastino
676 3383 748 3474 die,
763 3397 953 3482 postquam
970 3383 1086 3460 Remis
1098 3385 1188 3461 sacri
1199 3386 1269 3458 olei

203 3502 383 3583 delibutus
409 3502 521 3579 fuerat
543 3503 732 3594 unctione,
757 3499 804 3573 ad
827 3500 945 3601 ipsum
968 3503 1268 3577 consalutandum

202 3620 250 3693 ad
270 3620 526 3699 monasterium
547 3615 891 3700 Sancti-Theudorici
911 3631 1010 3689 extra
1029 3617 1173 3711 urbem,
1192 3644 1266 3717 quo

200 3761 239 3809 se
262 3737 469 3835 hospitandi
492 3737 604 3833 gratia
624 3735 842 3826 contulerat,
866 3735 1150 3829 accessissemus,
1176 3736 1268 3813 saeta

201 3877 285 3927 curn
303 3854 404 3943 omni
418 3831 617 3927 humilitate
633 3865 739 3949 atque
759 3851 956 3927 reverentia
973 3852 1202 3947 salutatione,
1221 3854 1268 3933 de

199 3969 344 4049 duobus
357 3969 530 4067 majestati
546 3994 617 4041 suae
632 3968 779 4045 devotas
798 3992 920 4066 preoes
944 3967 1091 4045 lecimus
1100 3973 1123 4058 ¹,
1142 3983 1178 4041 et
1193 3969 1266 4049 hoc

240 4143 270 4198 l.
292 4140 452 4220 comparer
476 4141 505 4199 le
532 4139 617 4218 chap.
638 4154 689 4210 nr,
716 4138 737 4198 l.
760 4141 793 4213 1,
822 4137 859 4197 de
884 4137 1033 4199 l’llistoire
1056 4136 1097 4198 dn
1119 4140 1208 4219 regne
1229 4139 1267 4201 de

198 4234 287 4295 tuuis
302 4238 362 4306 Xl,
377 4236 504 4311 t.11,p.
520 4236 570 4295 to.
656 4286 659 4291 .
