2946 5070
500 506 508 525 “·
526 494 538 515 ⁴
561 494 670 551 nunu
690 493 892 551 SECUNDUS.
963 493 965 496 ’

543 815 797 886 CAPl'l'ULUM
828 816 920 885 Vlll.

321 1017 360 1068 De
372 1015 469 1087 iniquis
481 1015 652 1069 Normanniae
663 1012 903 1069 consuetudinibus
914 1014 1001 1086 aliqua
1015 1017 1144 1087 exempla.

251 1214 413 1306 Longum
427 1225 516 1284 esset
536 1212 640 1283 nimis
661 1226 697 1282 et
713 1226 811 1283 extra
826 1212 981 1311 suscepti
998 1214 1116 1309 operis
1132 1238 1267 1312 propo·

200 1325 319 1419 situm,
346 1327 375 1397 si
398 1328 541 1424 iniquas
562 1342 597 1399 et
622 1328 793 1426 pessimas
809 1328 1097 1416 consuetudines,
1116 1330 1190 1403 imo
1207 1354 1267 1402 ve·
1315 1348 1321 1355 '

200 1438 272 1508 rius
297 1437 528 1536 corruptelas,
549 1462 638 1535 quas
655 1440 864 1535 rigidissime
885 1454 992 1537 atque
1013 1438 1267 1513 studiosissime

199 1568 321 1626 tenent
342 1569 378 1626 et
399 1555 609 1649 observant,
629 1581 756 1629 omnes
776 1581 866 1653 quas
886 1556 953 1655 ipsi
970 1557 1136 1629 novimus
1159 1570 1267 1654 atque

199 1671 332 1768 experti
367 1696 502 1763 sumus,
533 1671 663 1744 referre
695 1672 876 1744 vellemus.
905 1674 992 1758 Quae
1023 1694 1079 1743 res
1103 1672 1267 1770 prolecto

199 1787 352 1884 propriae
369 1785 535 1858 editionis
547 1811 638 1885 opus
650 1803 685 1860 et
701 1787 900 1887 pergrande
916 1787 1086 1861 volumen
1098 1813 1267 1888 exposce·

199 1915 265 1971 ret.
285 1901 481 1976 Nonnullas
497 1917 616 1974 tamen
633 1904 785 2003 exempli
804 1904 927 2000 gratia,
944 1928 1023 2002 quae
1042 1929 1168 1976 eorum
1184 1903 1268 1978 fidei

200 2041 278 2114 quae
295 2017 449 2089 diximus
464 2018 737 2118 adstipulentur,
758 2045 833 2093 non
850 2022 1168 2119 praetermittendas
1181 2024 1269 2096 exis·

200 2134 415 2207 timavimus.

174 2300 179 2310 -
250 2255 367 2324 Unam
392 2251 584 2326 observant
611 2254 870 2350 iniquissimam
893 2253 1213 2346 consuetudinem,
1234 2271 1270 2329 et

200 2391 278 2462 quae
292 2392 393 2466 paene
408 2368 486 2440 lites
503 2394 629 2441 omnes
647 2385 709 2442 aut
724 2371 850 2466 longas
870 2385 932 2443 aut
950 2370 1169 2443 immortales
1187 2373 1268 2445 red·

118 2502 127 2520 ·
199 2480 264 2572 dit,
278 2483 392 2580 quod,
411 2484 471 2555 lite
487 2484 525 2556 in
537 2509 764 2582 quacumque
778 2509 886 2557 causa
898 2485 955 2556 vel
966 2485 1116 2558 minima
1130 2500 1270 2560 contes-

199 2611 288 2689 rau,
314 2599 432 2671 nullus
448 2600 683 2698 litigatorum,
710 2601 939 2698 quantumvis
960 2600 1006 2672 de
1027 2624 1094 2672 suo
1116 2615 1269 2675 tantum·

200 2715 311 2788 modo
328 2717 495 2789 interesse
516 2718 655 2814 privato
671 2731 808 2813 agatur,
833 2718 981 2815 impune
1004 2718 1196 2813 transigere
1214 2721 1269 2792 vel

200 2830 329 2928 pacisci
343 2846 459 2929 potest
476 2832 512 2903 in
530 2857 756 2930 quacumque
769 2832 956 2922 instantia3
975 2831 1038 2905 sed
1052 2832 1080 2903 si
1094 2847 1270 2930 transege-

200 2948 272 3019 rint
293 2948 400 3019 etiam
417 2948 453 3019 in
471 2949 586 3045 prima
603 2949 770 3022 instantia
787 2949 977 3044 litigantes,
994 2964 1145 3048 uterque
1161 2975 1269 3049 pecu·

200 3064 260 3134 nia
288 3063 478 3136 mulctatur
505 3064 552 3136 ad
580 3064 768 3137 arbitrium
790 3064 932 3161 judicis,
961 3079 996 3136 et
1022 3065 1203 3138 interdurn
1226 3093 1270 3143 ea

200 3179 350 3273 mulcta,
375 3204 453 3278 quae
477 3181 524 3254 ad
542 3181 715 3277 majorem
737 3205 934 3274 summam,
956 3204 1066 3276 quam
1091 3183 1199 3254 totius
1226 3184 1271 3256 sit

199 3298 384 3371 aestimatio
412 3299 494 3390 litis,
521 3296 702 3394 ascendat.
730 3298 857 3396 lniqua
884 3294 1046 3395 profecto
1071 3310 1107 3368 et
1134 3298 1269 3371 caritati

196 3411 405 3510 juribusque
421 3415 567 3487 inimica
578 3413 813 3506 consuetudo,
828 3438 907 3511 quae
922 3436 1013 3510 saepe
1029 3412 1108 3487 lites
1122 3414 1270 3488 mulcta·

200 3554 280 3601 rum
297 3545 395 3602 metu
413 3557 513 3630 piene
535 3530 642 3604 efficit
665 3531 897 3624 immortales,
916 3544 950 3603 et
973 3531 1056 3602 odia
1073 3545 1182 3629 atque
1201 3531 1269 3604 ini·

200 3645 363 3739 micitias,
382 3671 460 3744 quae
483 3647 619 3723 oboriri
645 3673 688 3721 ex
710 3646 833 3720 litibus
862 3648 995 3737 solent,
1024 3647 1147 3718 nutrit·
1162 3662 1269 3744 atque

201 3762 314 3855 roveu
331 3763 376 3835 de
390 3763 521 3861 quibus
539 3764 654 3859 saeue,
674 3765 741 3838 nisi
758 3780 873 3837 merus
895 3747 1104 3862 hujusmodi
1121 3765 1271 3837 murcu-

200 3905 281 3952 rum
297 3880 467 3975 obstaret,
493 3882 586 3955 inter
607 3882 800 3980 litigatores
816 3881 961 3977 transigi
976 3895 1108 3986 posset,
1132 3881 1270 3980 ipsique

201 3997 292 4068 inter
308 4021 345 4069 se
365 3997 412 4071 ad
435 3999 618 4071 caritatem
633 4013 669 4070 et
687 3999 880 4072 amicitiam
906 3996 1029 4070 reduci
1052 4011 1089 4068 et
1107 3998 1269 4070 reconci-

200 4113 289 4186 liari.
322 4116 443 4210 Quod,
473 4115 702 4212 quantumvis
727 4114 764 4188 id
789 4129 973 4214 exoptent,
1003 4128 1121 4187 tamen
1146 4114 1268 4213 hujus·

201 4229 301 4302 modi
316 4245 414 4304 metu
427 4231 583 4322 coerciti,
601 4229 714 4303 lacere
725 4230 938 4329 plerumque
953 4228 1102 4302 minime
1118 4227 1264 4304 audent.
