2946 5070
570 461 680 517 usta
700 460 888 519 stetttttts.
1201 460 1254 521 ttt

201 599 307 696 gabat
316 614 351 671 et
360 597 406 669 ad
414 594 677 667 mendicitatem
685 595 935 690 variorumque
947 618 1116 690 generum
1131 611 1260 668 mortes

200 713 377 810 adigebat.

250 829 446 901 Busiridem
474 827 657 924 quondam
670 878 679 911 ,
706 825 951 923 AEgyptiorum
981 838 1188 921 tyrannum,
1222 846 1261 902 ut

203 930 367 1017 Boethius
384 943 511 1040 iuquit,
528 943 685 1040 hospites
701 965 784 1012 suos
800 940 947 1035 legimus
963 939 1031 1011 diis
1047 943 1118 1013 suis
1136 943 1261 1017 immo-

199 1063 272 1134 lare
289 1062 454 1152 solitum,
476 1058 521 1131 de
539 1083 612 1155 quo
624 1057 789 1153 Virgilius
804 1057 841 1128 in
859 1057 962 1127 tertio
978 1058 1257 1154 Georgicorum:

602 1261 680 1344 Quis
692 1276 747 1324 aut
758 1258 933 1348 Eurysthea
949 1255 1081 1344 durum,

370 1368 435 1431 Aut
446 1362 588 1429 illaudati
603 1365 702 1429 nescit
715 1362 866 1430 Busiridis
880 1360 973 1428 aras?

200 1569 360 1640 similiter
376 1582 413 1641 et
431 1569 758 1666 Polymnestorem,
784 1583 976 1664 tyrannum
991 1570 1189 1662 lbracum,
1216 1568 1262 1640 de

200 1710 273 1781 quo
291 1686 454 1757 meminit
468 1687 596 1758 Paulus
613 1686 759 1757 Orosius
774 1687 810 1755 in
825 1685 1029 1783 prasatione
1046 1685 1128 1758 libri
1146 1686 1262 1782 quinti

199 1826 270 1873 suae
287 1802 441 1875 historiae
460 1832 468 1873 :
488 1816 523 1874 et
537 1802 609 1874 hoc
630 1816 690 1894 ut,
717 1800 784 1874 sub
802 1817 970 1899 praetextu
988 1803 1079 1874 salsae
1095 1815 1129 1873 et
1152 1801 1260 1873 simu·

199 1916 278 1988 latae
305 1918 505 2013 religionis,
532 1917 655 2016 spoliis
684 1917 905 1991 advenarum
931 1934 966 1991 et
993 1921 1260 2017 peregrinorum

200 2032 307 2103 eliam
322 2034 610 2132 propinquorum
626 2033 837 2131 potirentur.
854 2034 924 2105 Sed
942 2034 1018 2105 haee
1032 2060 1105 2105 non
1121 2035 1156 2104 in
1177 2032 1261 2105 sub·

199 2146 293 2219 ditos
318 2164 424 2247 atque
450 2149 680 2242 domesticos,
700 2149 762 2221 sed
782 2150 818 2221 in
845 2150 1000 2222 advenas
1024 2152 1207 2222 dumtaxat
1227 2166 1263 2223 et

198 2267 406 2361 peregrinos
426 2265 583 2337 crudelia
606 2267 749 2361 gessisse
775 2291 836 2338 seu
862 2267 1056 2339 exercuisse
1082 2268 1258 2362 leguntur.

201 2379 270 2450 ttic*
289 2405 395 2474 vero,
416 2381 462 2453 de
486 2402 561 2477 quo
584 2381 690 2453 nobis
712 2407 849 2470 sermo,
877 2409 951 2454 non
978 2385 1183 2481 peregrinos
1206 2384 1262 2456 rel

200 2493 358 2595 hospites
373 2513 435 2569 aut
451 2497 620 2590 advenas,
641 2497 703 2569 sed
720 2498 896 2596 supplices
913 2498 1087 2588 subditos,
1109 2514 1148 2571 ut
1165 2498 1262 2573 obla·

201 2610 317 2682 tiones
345 2637 426 2684 suas
450 2612 573 2684 stultas
598 2626 633 2683 et
662 2613 788 2710 impias
817 2613 961 2706 laceret,
982 2613 1092 2705 same,
1113 2617 1262 2713 penuria
1375 2681 1380 2691 .

200 2741 306 2822 atque
320 2742 470 2826 egestate
486 2726 649 2800 laborare
660 2729 864 2826 compulsos
878 2728 1062 2822 enecabat,
1073 2745 1108 2801 et
1121 2731 1263 2803 interire

201 2844 389 2916 crudeliter
404 2842 565 2917 faciebat.
586 2875 604 2913 «
618 2844 717 2917 Tales
729 2844 931 2916 oblationes
940 2868 1065 2918 omnes
1082 2846 1226 2938 iaciunt,
1242 2878 1259 2914 s

201 2975 241 3031 ut
261 2960 387 3034 beatus
413 2963 624 3058 Augustinus
646 2962 795 3061 pulchre
814 2961 930 3056 inquit
953 2964 990 3035 in
1010 2964 1073 3032 XV
1095 2962 1188 3034 libro
1216 2962 1261 3036 de

203 3078 349 3151 Civitate
361 3080 439 3168 Dei,
457 3109 474 3148 u
489 3080 550 3176 qui
567 3105 642 3149 non
658 3079 737 3170 Dei,
754 3077 816 3150 sed
832 3100 932 3148 suam
947 3092 1118 3150 sectantes
1134 3077 1261 3150 volun-

202 3206 324 3287 tatem,
341 3193 391 3292 [id
409 3194 474 3294 est]
492 3212 567 3268 non
583 3210 693 3288 rectO,
708 3195 770 3266 sed
781 3218 948 3292 perverso
961 3194 1069 3265 corde
1088 3196 1258 3288 virentes,
1362 3240 1375 3270 a

202 3310 357 3382 offerunt
378 3327 498 3384 tamen
514 3316 591 3384 Deo
613 3338 745 3384 munus
765 3336 838 3409 quo
856 3326 983 3409 putant
1008 3332 1090 3383 eum
1111 3311 1258 3402 redimi,

202 3451 276 3499 non
290 3442 465 3499 uteorum
478 3428 669 3526 opituletur
684 3427 851 3501 sanandis
862 3428 979 3526 pravis
993 3427 1258 3527 cupiditatibus,

203 3542 265 3616 sed
281 3544 476 3643 explendis.
497 3572 515 3613 u
