2946 5070
146 432 205 489 37³⁴
574 430 780 487 imru.

146 565 246 658 regio
257 562 480 662 parentatori
494 560 548 631 rel
562 559 753 652 adtocflo,
766 560 821 630 iel
836 560 885 630 ab
900 561 989 658 ipsis
1001 558 1218 651 mbstimus,

145 675 422 749 sederemlihet
448 676 670 748 ademto
702 700 746 747 a
771 675 916 748 licentia
941 678 1220 774 qustum«

144 796 317 893 permissa
343 810 400 887 nt,
417 819 485 893 pro
511 817 739 893 urnamque
756 793 813 864 sel
830 795 982 865 minima
1004 798 1218 893 apparentia

143 936 206 985 acu
232 910 441 1011 phantasia,
458 910 646 1007 cujuslibet
663 912 795 1010 praelati
810 912 1090 985 ecclesiasticam
1109 915 1219 1010 juris

144 1028 339 1101 dictionem
375 1030 412 1100 in
440 1027 598 1126 qualibet
620 1052 728 1099 causa
757 1026 991 1115 calumniari,
1023 1029 1220 1102 denubere

143 1159 253 1241 atque
285 1168 459 1218 evacuare
490 1145 614 1243 possit.
643 1147 684 1214 Et
709 1168 794 1215 cum
824 1144 862 1214 in
889 1143 1066 1215 omnibus
1092 1146 1219 1242 hujus·

145 1256 288 1329 ccmodi
317 1255 471 1354 querelis
496 1270 633 1355 partem
655 1254 813 1328 habeant
839 1253 1051 1345 formalem,
1079 1257 1220 1352 judices

145 1373 322 1471 primum,
348 1370 480 1443 deinde
508 1371 704 1444 advocatos
735 1387 771 1442 et
805 1386 1059 1470 prourratores
1087 1377 1215 1470 regios,

145 1503 380 1585 oeteramque
400 1489 587 1560 curialium
611 1486 771 1559 turbam¹
796 1512 908 1584 usque
922 1488 1129 1575 adunam,
1150 1491 1217 1563 hac

145 1604 349 1678 infelicitate
383 1605 626 1704 percelluntur
654 1604 754 1704 quod
783 1603 956 1695 eosdem,
984 1607 1052 1700 qui
1077 1608 1129 1677 eis
1160 1610 1216 1678 in·

145 1721 318 1794 festissimi
340 1721 530 1794 adversarii
558 1723 746 1813 exsistunt,
772 1721 846 1823 pati
866 1719 1020 1816 judices,
1040 1738 1080 1794 et
1094 1748 1215 1796 coram

145 1838 213 1925 eis,
245 1839 326 1911 licet
360 1839 627 1930 inimicissimis,
656 1838 812 1933 litigare,
841 1863 1044 1935 eommque
1076 1865 1216 1913 necesse

146 1952 320 2045 habeant,
351 1956 460 2027 velint
490 1955 623 2041 nolint,
655 1969 858 2052 exspectare
885 1953 1081 2049 judicium.
1109 1958 1214 2044 Quod

144 2072 197 2141 cis
219 2072 464 2143 infelicissimae
481 2072 615 2170 species
632 2084 684 2141 est
702 2072 871 2166 angustia
885 2083 921 2141 et
936 2071 1165 2144 calamitatis.

195 2191 310 2285 Atqui,
326 2190 353 2259 si
371 2187 578 2284 hujusmodi
595 2187 725 2283 egregii
736 2186 888 2283 judices,
903 2189 966 2284 qui
983 2192 1215 2262 communius

146 2300 266 2373 officia
283 2302 492 2397 judicatura
512 2303 559 2374 ad
575 2304 779 2375 auctionem
796 2301 864 2373 sub
883 2304 1016 2374 annuis
1032 2308 1214 2401 pensioni·

146 2415 215 2489 bus
233 2433 482 2516 assequuntur,
501 2419 555 2491 vel
573 2421 759 2492 minimam
773 2419 1003 2492 occasionem
1018 2447 1086 2493 seu
1102 2423 1212 2521 phan-

147 2537 270 2608 tasiam
285 2550 411 2608 contra
428 2536 614 2609 ecclesiam
632 2536 765 2609 habere
783 2537 933 2634 possint,
953 2539 1079 2610 statim
1091 2557 1210 2612 contra

146 2678 225 2727 eam
252 2653 437 2751 judicare,
476 2677 683 2751 quanquam
712 2653 946 2749 iniquissime,
984 2680 1063 2727 non
1094 2681 1211 2728 veren-

146 2784 215 2841 tur.
252 2769 318 2841 Ubi
343 2795 429 2842 vero
456 2770 590 2841 nullam
623 2770 730 2841 talem
754 2770 1000 2868 apparentiam
1020 2771 1079 2843 vel
1112 2775 1210 2845 mini·

148 2910 243 2958 mam
284 2886 490 2958 adinvenire
519 2886 726 2983 potuerint,
761 2886 824 2958 sed
861 2886 1049 2960 manifeste
1084 2913 1209 2986 agnos·

147 3017 230 3074 cant
245 3016 372 3074 eontra
389 3001 575 3073 ecclesiam
591 3003 802 3074 sententiam
825 3003 971 3078 minime
988 3003 1073 3075 lerri
1095 3032 1207 3104 posse,

147 3137 333 3209 nunquam
352 3139 418 3210 pro
445 3137 488 3186 ea
515 3111 751 3209 judicabunt,
781 3113 843 3185 sed
871 3115 1210 3199 cumdilationibus

146 3224 222 3295 sine
251 3224 322 3295 fine
346 3225 467 3322 aliquo
490 3249 633 3299 causam
661 3226 815 3298 retinent
829 3226 1039 3299 indecisam.
1063 3234 1209 3302 Etcum

147 3362 214 3436 pro
235 3341 391 3413 maxima
419 3342 629 3414 solidissima
656 3357 838 3413 teneant«
858 3367 978 3438 regem
998 3371 1146 3442 »quem
1173 3350 1207 3419 iu

147 3454 316 3528 omnibus
334 3457 464 3530 talibus
480 3458 594 3530 causis
610 3459 764 3530 ecclesiae
780 3458 991 3554 confingmt
1006 3461 1205 3545 inimicum,

149 3599 166 3640 e
194 3595 379 3670 nunquam
406 3574 472 3645 nisi
495 3599 734 3672 possessorem
751 3575 888 3672 litigare
910 3574 1046 3649 debere
1060 3580 1088 3670 ²,
1115 3610 1133 3644 »
1149 3605 1210 3677 per

187 3787 213 3844 l.
235 3785 310 3846 C’est
324 3804 357 3843 cc
370 3788 459 3864 qu’on
472 3786 597 3866 appelait
609 3789 638 3844 la
650 3786 737 3844 colim
749 3806 785 3844 en
799 3785 985 3845 Normandie.

186 3886 216 3946 2.
238 3882 447 3956 Uest-adire,
465 3904 523 3963 que
537 3885 564 3942 le
580 3884 624 3943 roi
637 3904 676 3944 ne
688 3883 749 3943 doit
763 3883 874 3964 plaider
884 3904 943 3962 que
960 3886 1041 3943 nanti
1061 3886 1098 3945 de
1114 3888 1211 3962 l'objet

146 4001 196 4041 sur
209 3983 304 4061 lequel
318 3997 400 4062 porte
416 3983 444 4041 le
462 3985 565 4062 proces
586 3987 635 4054 (on
656 3982 740 4042 disait
757 3983 1000 4041 anciennement:
1020 4011 1033 4035 n
1050 3991 1091 4044 Le
1112 3988 1157 4045 roi
1175 4007 1210 4045 ne

145 4078 257 4165 plaide,
273 4080 355 4139 sinon
371 4080 398 4138 la
415 4080 492 4153 main
505 4080 634 4161 garnie).
655 4106 668 4131 ιι
680 4084 725 4139 De
737 4081 764 4141 la
783 4082 810 4140 la
821 4081 971 4141 mainmise
989 4103 1041 4142 sur
1060 4097 1124 4143 tout
1144 4085 1209 4145 bien

145 4167 270 4257 ‹l'llglise
284 4178 354 4237 dont
368 4179 410 4238 les
422 4179 506 4271 juges
519 4179 628 4257 laiques
644 4181 833 4240 contestaient
847 4181 874 4241 la
891 4181 1019 4265 le'gitime
1032 4188 1207 4262 possession.
