<?xml version="1.0" encoding="UTF-8"?>
<!DOCTYPE html PUBLIC "-//W3C//DTD XHTML 1.0 Transitional//EN"
    "http://www.w3.org/TR/xhtml1/DTD/xhtml1-transitional.dtd">
<html xmlns="http://www.w3.org/1999/xhtml" xml:lang="en" lang="en">
 <head>
  <title>
</title>
<meta http-equiv="Content-Type" content="text/html;charset=utf-8" />
  <meta name='ocr-system' content='tesseract 3.04.00' />
  <meta name='ocr-capabilities' content='ocr_page ocr_carea ocr_par ocr_line ocrx_word'/>
</head>
<body>
  <div class='ocr_page' id='page_1' title='image "./histoiredesrgne00amelgoog_0390.png"; bbox 0 0 2946 5070; ppageno 0'>
   <div class='ocr_carea' id='block_1_1' title="bbox 595 472 1261 532">
    <p class='ocr_par' dir='ltr' id='par_1_1' title="bbox 595 472 1261 532">
     <span class='ocr_line' id='line_1_1' title="bbox 595 472 1261 532; baseline 0.002 -2"><span class='ocrx_word' id='word_1_1' title='bbox 595 472 705 530; x_wconf 79' lang='lat' dir='ltr'>LIBER</span> <span class='ocrx_word' id='word_1_2' title='bbox 725 472 875 531; x_wconf 78' lang='lat' dir='ltr'><strong>PRIMUS.</strong></span> <span class='ocrx_word' id='word_1_3' title='bbox 1204 475 1261 532; x_wconf 73' lang='grc'>335</span> 
     </span>
    </p>
   </div>
   <div class='ocr_carea' id='block_1_2' title="bbox 193 605 1265 1867">
    <p class='ocr_par' dir='ltr' id='par_1_2' title="bbox 193 605 1265 1867">
     <span class='ocr_line' id='line_1_2' title="bbox 199 605 1260 703; baseline 0.002 -27"><span class='ocrx_word' id='word_1_4' title='bbox 199 605 364 701; x_wconf 76' lang='lat' dir='ltr'>fregisse,</span> <span class='ocrx_word' id='word_1_5' title='bbox 394 620 501 702; x_wconf 88' lang='lat' dir='ltr'>atque</span> <span class='ocrx_word' id='word_1_6' title='bbox 527 605 634 676; x_wconf 87' lang='lat' dir='ltr'>etiam</span> <span class='ocrx_word' id='word_1_7' title='bbox 659 605 697 676; x_wconf 93' lang='lat' dir='ltr'>in</span> <span class='ocrx_word' id='word_1_8' title='bbox 719 605 909 703; x_wconf 87' lang='lat' dir='ltr'>semetipso</span> <span class='ocrx_word' id='word_1_9' title='bbox 928 618 964 676; x_wconf 86' lang='lat' dir='ltr'>st</span> <span class='ocrx_word' id='word_1_10' title='bbox 987 626 1071 676; x_wconf 86' lang='lat' dir='ltr'>casu</span> <span class='ocrx_word' id='word_1_11' title='bbox 1093 607 1260 703; x_wconf 90' lang='lat' dir='ltr'>proprio,</span> 
     </span>
     <span class='ocr_line' id='line_1_3' title="bbox 199 719 1221 823; baseline -0.006 -27"><span class='ocrx_word' id='word_1_12' title='bbox 199 723 522 823; x_wconf 60' lang='lat' dir='ltr'><strong>compertissimum</strong></span> <span class='ocrx_word' id='word_1_13' title='bbox 537 719 705 794; x_wconf 83' lang='lat' dir='ltr'>haberet!</span> <span class='ocrx_word' id='word_1_14' title='bbox 750 754 757 783; x_wconf 76' lang='grc' dir='ltr'><em>ι</em></span> <span class='ocrx_word' id='word_1_15' title='bbox 1219 724 1221 729; x_wconf 62' lang='grc'><em>“</em></span> 
     </span>
     <span class='ocr_line' id='line_1_4' title="bbox 249 837 1263 930; baseline 0.005 -22"><span class='ocrx_word' id='word_1_16' title='bbox 249 844 347 930; x_wconf 87' lang='lat' dir='ltr'>Haec,</span> <span class='ocrx_word' id='word_1_17' title='bbox 373 854 412 910; x_wconf 97' lang='lat' dir='ltr'>ut</span> <span class='ocrx_word' id='word_1_18' title='bbox 436 839 693 930; x_wconf 89' lang='lat' dir='ltr'>existimamus,</span> <span class='ocrx_word' id='word_1_19' title='bbox 714 837 859 910; x_wconf 85' lang='lat' dir='ltr'>abunde</span> <span class='ocrx_word' id='word_1_20' title='bbox 879 837 1040 910; x_wconf 85' lang='lat' dir='ltr'>sufficere</span> <span class='ocrx_word' id='word_1_21' title='bbox 1065 837 1197 913; x_wconf 90' lang='lat' dir='ltr'>debent</span> <span class='ocrx_word' id='word_1_22' title='bbox 1216 842 1263 913; x_wconf 90' lang='lat' dir='ltr'>ad</span> 
     </span>
     <span class='ocr_line' id='line_1_5' title="bbox 200 953 1263 1051; baseline 0.004 -25"><span class='ocrx_word' id='word_1_23' title='bbox 200 953 410 1026; x_wconf 83' lang='lat' dir='ltr'>refellendas</span> <span class='ocrx_word' id='word_1_24' title='bbox 424 953 642 1051; x_wconf 85' lang='lat' dir='ltr'>objectiones</span> <span class='ocrx_word' id='word_1_25' title='bbox 659 976 798 1046; x_wconf 91' lang='lat' dir='ltr'>omnes,</span> <span class='ocrx_word' id='word_1_26' title='bbox 813 974 892 1049; x_wconf 81' lang='lat' dir='ltr'>quae</span> <span class='ocrx_word' id='word_1_27' title='bbox 906 953 953 1027; x_wconf 89' lang='lat' dir='ltr'>ab</span> <span class='ocrx_word' id='word_1_28' title='bbox 965 953 1263 1031; x_wconf 78' lang='lat' dir='ltr'>obtrectatoribus</span> 
     </span>
     <span class='ocr_line' id='line_1_6' title="bbox 201 1070 1264 1172; baseline 0.005 -32"><span class='ocrx_word' id='word_1_29' title='bbox 201 1071 319 1142; x_wconf 80' lang='lat' dir='ltr'>forsan</span> <span class='ocrx_word' id='word_1_30' title='bbox 344 1072 381 1140; x_wconf 92' lang='lat' dir='ltr'>in</span> <span class='ocrx_word' id='word_1_31' title='bbox 404 1070 473 1142; x_wconf 89' lang='lat' dir='ltr'>bac</span> <span class='ocrx_word' id='word_1_32' title='bbox 490 1072 640 1144; x_wconf 88' lang='lat' dir='ltr'>materia</span> <span class='ocrx_word' id='word_1_33' title='bbox 660 1070 736 1143; x_wconf 83' lang='lat' dir='ltr'>fieri</span> <span class='ocrx_word' id='word_1_34' title='bbox 752 1085 909 1169; x_wconf 83' lang='lat' dir='ltr'>possent.</span> <span class='ocrx_word' id='word_1_35' title='bbox 937 1075 1027 1144; x_wconf 85' lang='lat' dir='ltr'>Nam</span> <span class='ocrx_word' id='word_1_36' title='bbox 1047 1072 1146 1168; x_wconf 92' lang='lat' dir='ltr'>quod</span> <span class='ocrx_word' id='word_1_37' title='bbox 1167 1075 1264 1172; x_wconf 91' lang='lat' dir='ltr'>prin·</span> 
     </span>
     <span class='ocr_line' id='line_1_7' title="bbox 200 1188 1259 1289; baseline 0.006 -32"><span class='ocrx_word' id='word_1_38' title='bbox 200 1188 322 1285; x_wconf 86' lang='lat' dir='ltr'><strong>cipum</strong></span> <span class='ocrx_word' id='word_1_39' title='bbox 345 1188 522 1259; x_wconf 87' lang='lat' dir='ltr'>mandatis</span> <span class='ocrx_word' id='word_1_40' title='bbox 546 1202 652 1284; x_wconf 85' lang='lat' dir='ltr'>atque</span> <span class='ocrx_word' id='word_1_41' title='bbox 669 1201 885 1286; x_wconf 89' lang='lat' dir='ltr'>potestatum</span> <span class='ocrx_word' id='word_1_42' title='bbox 906 1190 1023 1287; x_wconf 92' lang='lat' dir='ltr'>pareri</span> <span class='ocrx_word' id='word_1_43' title='bbox 1045 1191 1259 1289; x_wconf 89' lang='lat' dir='ltr'>praecipitur,</span> 
     </span>
     <span class='ocr_line' id='line_1_8' title="bbox 199 1304 1263 1404; baseline 0.008 -31"><span class='ocrx_word' id='word_1_44' title='bbox 199 1304 469 1399; x_wconf 90' lang='lat' dir='ltr'>intelligendum</span> <span class='ocrx_word' id='word_1_45' title='bbox 493 1309 561 1376; x_wconf 90' lang='lat' dir='ltr'>est¹</span> <span class='ocrx_word' id='word_1_46' title='bbox 584 1304 731 1401; x_wconf 86' lang='lat' dir='ltr'>quando</span> <span class='ocrx_word' id='word_1_47' title='bbox 755 1304 921 1404; x_wconf 86' lang='lat' dir='ltr'>princeps</span> <span class='ocrx_word' id='word_1_48' title='bbox 945 1305 1101 1403; x_wconf 85' lang='lat' dir='ltr'>legitime</span> <span class='ocrx_word' id='word_1_49' title='bbox 1125 1322 1263 1381; x_wconf 86' lang='lat' dir='ltr'>etcum</span> 
     </span>
     <span class='ocr_line' id='line_1_9' title="bbox 200 1420 1265 1519; baseline 0.003 -27"><span class='ocrx_word' id='word_1_50' title='bbox 200 1435 298 1492; x_wconf 85' lang='lat' dir='ltr'>recto</span> <span class='ocrx_word' id='word_1_51' title='bbox 317 1421 443 1493; x_wconf 85' lang='lat' dir='ltr'>ordine</span> <span class='ocrx_word' id='word_1_52' title='bbox 459 1444 574 1513; x_wconf 91' lang='lat' dir='ltr'>suam,</span> <span class='ocrx_word' id='word_1_53' title='bbox 594 1444 703 1518; x_wconf 87' lang='lat' dir='ltr'>quam</span> <span class='ocrx_word' id='word_1_54' title='bbox 718 1420 849 1494; x_wconf 89' lang='lat' dir='ltr'>adhoc</span> <span class='ocrx_word' id='word_1_55' title='bbox 869 1423 1006 1519; x_wconf 89' lang='lat' dir='ltr'>accepit</span> <span class='ocrx_word' id='word_1_56' title='bbox 1022 1446 1043 1495; x_wconf 87' lang='lat' dir='ltr'>a</span> <span class='ocrx_word' id='word_1_57' title='bbox 1059 1424 1150 1514; x_wconf 85' lang='lat' dir='ltr'>Deo,</span> <span class='ocrx_word' id='word_1_58' title='bbox 1168 1447 1265 1496; x_wconf 88' lang='lat' dir='ltr'>exse-</span> 
     </span>
     <span class='ocr_line' id='line_1_10' title="bbox 200 1537 1265 1637; baseline 0.004 -29"><span class='ocrx_word' id='word_1_59' title='bbox 200 1537 320 1634; x_wconf 83' lang='lat' dir='ltr'>quitur</span> <span class='ocrx_word' id='word_1_60' title='bbox 337 1553 559 1636; x_wconf 90' lang='lat' dir='ltr'>potestatem.</span> <span class='ocrx_word' id='word_1_61' title='bbox 588 1543 687 1610; x_wconf 83' lang='lat' dir='ltr'>Tmrc</span> <span class='ocrx_word' id='word_1_62' title='bbox 708 1538 806 1610; x_wconf 92' lang='lat' dir='ltr'>enim</span> <span class='ocrx_word' id='word_1_63' title='bbox 827 1538 889 1609; x_wconf 88' lang='lat' dir='ltr'>tali</span> <span class='ocrx_word' id='word_1_64' title='bbox 914 1538 1115 1637; x_wconf 89' lang='lat' dir='ltr'>parendum</span> <span class='ocrx_word' id='word_1_65' title='bbox 1137 1554 1207 1629; x_wconf 86' lang='lat' dir='ltr'>est,</span> <span class='ocrx_word' id='word_1_66' title='bbox 1229 1555 1265 1612; x_wconf 91' lang='lat' dir='ltr'>et</span> 
     </span>
     <span class='ocr_line' id='line_1_11' title="bbox 193 1646 1262 1750; baseline 0.003 -28"><span class='ocrx_word' id='word_1_67' title='bbox 193 1646 310 1723; x_wconf 68' lang='lat' dir='ltr'>&#39;habet</span> <span class='ocrx_word' id='word_1_68' title='bbox 323 1655 444 1725; x_wconf 92' lang='lat' dir='ltr'>locum</span> <span class='ocrx_word' id='word_1_69' title='bbox 454 1652 554 1750; x_wconf 88' lang='lat' dir='ltr'>quod</span> <span class='ocrx_word' id='word_1_70' title='bbox 567 1652 694 1724; x_wconf 83' lang='lat' dir='ltr'>Paulus</span> <span class='ocrx_word' id='word_1_71' title='bbox 704 1651 888 1750; x_wconf 86' lang='lat' dir='ltr'>apostolus</span> <span class='ocrx_word' id='word_1_72' title='bbox 899 1653 946 1724; x_wconf 87' lang='lat' dir='ltr'>ad</span> <span class='ocrx_word' id='word_1_73' title='bbox 962 1656 1154 1746; x_wconf 76' lang='lat' dir='ltr'>Romanos,</span> <span class='ocrx_word' id='word_1_74' title='bbox 1169 1657 1262 1747; x_wconf 87' lang='lat' dir='ltr'>Xlll,</span> 
     </span>
     <span class='ocr_line' id='line_1_12' title="bbox 199 1767 1262 1867; baseline 0 -28"><span class='ocrx_word' id='word_1_75' title='bbox 199 1768 274 1839; x_wconf 83' lang='lat' dir='ltr'>ait:</span> <span class='ocrx_word' id='word_1_76' title='bbox 298 1798 315 1835; x_wconf 73' lang='lat' dir='ltr'>a</span> <span class='ocrx_word' id='word_1_77' title='bbox 334 1771 406 1856; x_wconf 91' lang='lat' dir='ltr'>Qui</span> <span class='ocrx_word' id='word_1_78' title='bbox 423 1771 587 1867; x_wconf 82' lang='lat' dir='ltr'>potestati</span> <span class='ocrx_word' id='word_1_79' title='bbox 603 1769 742 1857; x_wconf 85' lang='lat' dir='ltr'>resistit,</span> <span class='ocrx_word' id='word_1_80' title='bbox 766 1768 832 1840; x_wconf 84' lang='lat' dir='ltr'>Del</span> <span class='ocrx_word' id='word_1_81' title='bbox 848 1767 1066 1840; x_wconf 88' lang='lat' dir='ltr'>ordinationi</span> <span class='ocrx_word' id='word_1_82' title='bbox 1083 1770 1221 1842; x_wconf 90' lang='lat' dir='ltr'>resistit.</span> <span class='ocrx_word' id='word_1_83' title='bbox 1243 1796 1262 1839; x_wconf 74' lang='lat' dir='ltr'>a</span> 
     </span>
    </p>
   </div>
   <div class='ocr_carea' id='block_1_3' title="bbox 200 1881 1266 2562">
    <p class='ocr_par' dir='ltr' id='par_1_3' title="bbox 200 1881 1266 2562">
     <span class='ocr_line' id='line_1_13' title="bbox 204 1881 1266 1979; baseline 0.004 -26"><span class='ocrx_word' id='word_1_84' title='bbox 204 1882 306 1954; x_wconf 89' lang='lat' dir='ltr'>Unde</span> <span class='ocrx_word' id='word_1_85' title='bbox 323 1883 403 1957; x_wconf 91' lang='lat' dir='ltr'>licet</span> <span class='ocrx_word' id='word_1_86' title='bbox 422 1885 540 1957; x_wconf 80' lang='lat' dir='ltr'>forsan</span> <span class='ocrx_word' id='word_1_87' title='bbox 557 1885 635 1956; x_wconf 91' lang='lat' dir='ltr'>aliis</span> <span class='ocrx_word' id='word_1_88' title='bbox 650 1881 857 1979; x_wconf 87' lang='lat' dir='ltr'>subjaceant</span> <span class='ocrx_word' id='word_1_89' title='bbox 872 1883 977 1973; x_wconf 84' lang='lat' dir='ltr'>vitiis,</span> <span class='ocrx_word' id='word_1_90' title='bbox 994 1898 1085 1975; x_wconf 91' lang='lat' dir='ltr'>tum,</span> <span class='ocrx_word' id='word_1_91' title='bbox 1104 1883 1192 1957; x_wconf 90' lang='lat' dir='ltr'>dum</span> <span class='ocrx_word' id='word_1_92' title='bbox 1208 1907 1266 1975; x_wconf 77' lang='lat' dir='ltr'>ac·</span> 
     </span>
     <span class='ocr_line' id='line_1_14' title="bbox 200 1999 1265 2097; baseline 0.004 -28"><span class='ocrx_word' id='word_1_93' title='bbox 200 2011 304 2095; x_wconf 85' lang='lat' dir='ltr'>cepta</span> <span class='ocrx_word' id='word_1_94' title='bbox 320 2024 342 2070; x_wconf 96' lang='lat' dir='ltr'>a</span> <span class='ocrx_word' id='word_1_95' title='bbox 357 2004 434 2071; x_wconf 89' lang='lat' dir='ltr'>Deo</span> <span class='ocrx_word' id='word_1_96' title='bbox 450 1999 605 2095; x_wconf 83' lang='lat' dir='ltr'>legitime</span> <span class='ocrx_word' id='word_1_97' title='bbox 616 2022 681 2071; x_wconf 90' lang='lat' dir='ltr'>sua</span> <span class='ocrx_word' id='word_1_98' title='bbox 696 2012 846 2071; x_wconf 89' lang='lat' dir='ltr'>utuntur</span> <span class='ocrx_word' id='word_1_99' title='bbox 856 2013 1043 2097; x_wconf 77' lang='lat' dir='ltr'>potestate,</span> <span class='ocrx_word' id='word_1_100' title='bbox 1060 2000 1096 2070; x_wconf 90' lang='lat' dir='ltr'>in</span> <span class='ocrx_word' id='word_1_101' title='bbox 1109 2002 1265 2097; x_wconf 88' lang='lat' dir='ltr'>eoquod</span> 
     </span>
     <span class='ocr_line' id='line_1_15' title="bbox 203 2114 1265 2214; baseline 0.005 -29"><span class='ocrx_word' id='word_1_102' title='bbox 203 2127 373 2210; x_wconf 89' lang='lat' dir='ltr'>tanquam</span> <span class='ocrx_word' id='word_1_103' title='bbox 391 2114 536 2211; x_wconf 86' lang='lat' dir='ltr'>legitimi</span> <span class='ocrx_word' id='word_1_104' title='bbox 551 2116 730 2214; x_wconf 89' lang='lat' dir='ltr'>principes</span> <span class='ocrx_word' id='word_1_105' title='bbox 748 2117 938 2214; x_wconf 91' lang='lat' dir='ltr'>imperant,</span> <span class='ocrx_word' id='word_1_106' title='bbox 959 2131 1011 2187; x_wconf 87' lang='lat' dir='ltr'>est</span> <span class='ocrx_word' id='word_1_107' title='bbox 1026 2116 1164 2191; x_wconf 90' lang='lat' dir='ltr'>eisdem</span> <span class='ocrx_word' id='word_1_108' title='bbox 1178 2118 1265 2190; x_wconf 89' lang='lat' dir='ltr'>obe·</span> 
     </span>
     <span class='ocr_line' id='line_1_16' title="bbox 200 2222 1262 2325; baseline 0.008 -31"><span class='ocrx_word' id='word_1_109' title='bbox 200 2222 387 2314; x_wconf 91' lang='lat' dir='ltr'>diendum,</span> <span class='ocrx_word' id='word_1_110' title='bbox 410 2241 445 2297; x_wconf 91' lang='lat' dir='ltr'>et</span> <span class='ocrx_word' id='word_1_111' title='bbox 465 2250 530 2325; x_wconf 90' lang='lat' dir='ltr'>per</span> <span class='ocrx_word' id='word_1_112' title='bbox 548 2226 620 2298; x_wconf 89' lang='lat' dir='ltr'>hoo</span> <span class='ocrx_word' id='word_1_113' title='bbox 641 2251 716 2299; x_wconf 91' lang='lat' dir='ltr'>non</span> <span class='ocrx_word' id='word_1_114' title='bbox 735 2241 875 2300; x_wconf 87' lang='lat' dir='ltr'>tantum</span> <span class='ocrx_word' id='word_1_115' title='bbox 894 2226 1001 2299; x_wconf 91' lang='lat' dir='ltr'>bonis</span> <span class='ocrx_word' id='word_1_116' title='bbox 1021 2241 1057 2298; x_wconf 82' lang='lat' dir='ltr'>et</span> <span class='ocrx_word' id='word_1_117' title='bbox 1080 2228 1262 2319; x_wconf 86' lang='lat' dir='ltr'>modestis,</span> 
     </span>
     <span class='ocr_line' id='line_1_17' title="bbox 200 2341 1264 2439; baseline 0.008 -28"><span class='ocrx_word' id='word_1_118' title='bbox 200 2341 389 2414; x_wconf 87' lang='lat' dir='ltr'>sedetiam</span> <span class='ocrx_word' id='word_1_119' title='bbox 416 2343 570 2439; x_wconf 85' lang='lat' dir='ltr'>dyscolis</span> <span class='ocrx_word' id='word_1_120' title='bbox 593 2359 630 2415; x_wconf 91' lang='lat' dir='ltr'>et</span> <span class='ocrx_word' id='word_1_121' title='bbox 651 2344 737 2416; x_wconf 89' lang='lat' dir='ltr'>alias</span> <span class='ocrx_word' id='word_1_122' title='bbox 760 2344 862 2418; x_wconf 89' lang='lat' dir='ltr'>malis</span> <span class='ocrx_word' id='word_1_123' title='bbox 886 2360 922 2416; x_wconf 93' lang='lat' dir='ltr'>et</span> <span class='ocrx_word' id='word_1_124' title='bbox 945 2345 1081 2417; x_wconf 78' lang='lat' dir='ltr'>videsis</span> <span class='ocrx_word' id='word_1_125' title='bbox 1104 2362 1156 2418; x_wconf 90' lang='lat' dir='ltr'>est</span> <span class='ocrx_word' id='word_1_126' title='bbox 1175 2347 1264 2421; x_wconf 90' lang='lat' dir='ltr'>obe·</span> 
     </span>
     <span class='ocr_line' id='line_1_18' title="bbox 201 2457 1265 2562; baseline 0.007 -34"><span class='ocrx_word' id='word_1_127' title='bbox 201 2457 334 2531; x_wconf 88' lang='lat' dir='ltr'>dientia</span> <span class='ocrx_word' id='word_1_128' title='bbox 353 2459 574 2554; x_wconf 88' lang='lat' dir='ltr'>exbibenda,</span> <span class='ocrx_word' id='word_1_129' title='bbox 600 2475 641 2531; x_wconf 90' lang='lat' dir='ltr'>ut</span> <span class='ocrx_word' id='word_1_130' title='bbox 658 2485 700 2533; x_wconf 83' lang='lat' dir='ltr'>ex</span> <span class='ocrx_word' id='word_1_131' title='bbox 719 2463 926 2534; x_wconf 88' lang='lat' dir='ltr'>auctoritate</span> <span class='ocrx_word' id='word_1_132' title='bbox 945 2459 1038 2534; x_wconf 89' lang='lat' dir='ltr'>beati</span> <span class='ocrx_word' id='word_1_133' title='bbox 1061 2463 1153 2533; x_wconf 90' lang='lat' dir='ltr'>Petri</span> <span class='ocrx_word' id='word_1_134' title='bbox 1176 2487 1265 2562; x_wconf 91' lang='lat' dir='ltr'>apo·</span> 
     </span>
    </p>
   </div>
   <div class='ocr_carea' id='block_1_4' title="bbox 201 2576 1266 3832">
    <p class='ocr_par' dir='ltr' id='par_1_4' title="bbox 201 2576 1266 3832">
     <span class='ocr_line' id='line_1_19' title="bbox 201 2576 1266 2676; baseline 0.007 -32"><span class='ocrx_word' id='word_1_135' title='bbox 201 2576 282 2647; x_wconf 89' lang='lat' dir='ltr'>stoli</span> <span class='ocrx_word' id='word_1_136' title='bbox 299 2576 444 2649; x_wconf 88' lang='lat' dir='ltr'>inducta</span> <span class='ocrx_word' id='word_1_137' title='bbox 465 2578 548 2650; x_wconf 88' lang='lat' dir='ltr'>satis</span> <span class='ocrx_word' id='word_1_138' title='bbox 570 2593 729 2676; x_wconf 86' lang='lat' dir='ltr'>apparet.</span> <span class='ocrx_word' id='word_1_139' title='bbox 750 2580 842 2650; x_wconf 91' lang='lat' dir='ltr'>Hinc</span> <span class='ocrx_word' id='word_1_140' title='bbox 862 2577 1049 2673; x_wconf 89' lang='lat' dir='ltr'>estquod,</span> <span class='ocrx_word' id='word_1_141' title='bbox 1068 2603 1151 2649; x_wconf 89' lang='lat' dir='ltr'>cum</span> <span class='ocrx_word' id='word_1_142' title='bbox 1171 2603 1266 2651; x_wconf 92' lang='lat' dir='ltr'>sum·</span> 
     </span>
     <span class='ocr_line' id='line_1_20' title="bbox 202 2692 1265 2791; baseline 0.005 -30"><span class='ocrx_word' id='word_1_143' title='bbox 202 2714 282 2762; x_wconf 87' lang='lat' dir='ltr'>mus</span> <span class='ocrx_word' id='word_1_144' title='bbox 290 2692 469 2784; x_wconf 83' lang='lat' dir='ltr'>sacerdos,</span> <span class='ocrx_word' id='word_1_145' title='bbox 480 2705 604 2765; x_wconf 88' lang='lat' dir='ltr'>coram</span> <span class='ocrx_word' id='word_1_146' title='bbox 612 2717 687 2790; x_wconf 92' lang='lat' dir='ltr'>quo</span> <span class='ocrx_word' id='word_1_147' title='bbox 698 2694 796 2765; x_wconf 78' lang='lat' dir='ltr'>velut</span> <span class='ocrx_word' id='word_1_148' title='bbox 805 2696 842 2783; x_wconf 84' lang='lat' dir='ltr'>in</span> <span class='ocrx_word' id='word_1_149' title='bbox 851 2694 931 2789; x_wconf 88' lang='lat' dir='ltr'>jure</span> <span class='ocrx_word' id='word_1_150' title='bbox 948 2693 1077 2763; x_wconf 75' lang='lat' dir='ltr'>Pardus</span> <span class='ocrx_word' id='word_1_151' title='bbox 1083 2695 1265 2791; x_wconf 91' lang='lat' dir='ltr'>apostolus</span> 
     </span>
     <span class='ocr_line' id='line_1_21' title="bbox 201 2807 1265 2906; baseline 0 -27"><span class='ocrx_word' id='word_1_152' title='bbox 201 2808 402 2897; x_wconf 81' lang='lat' dir='ltr'>sistebatur,</span> <span class='ocrx_word' id='word_1_153' title='bbox 421 2832 505 2880; x_wconf 92' lang='lat' dir='ltr'>eum</span> <span class='ocrx_word' id='word_1_154' title='bbox 522 2809 650 2905; x_wconf 89' lang='lat' dir='ltr'>injuste</span> <span class='ocrx_word' id='word_1_155' title='bbox 666 2824 702 2880; x_wconf 87' lang='lat' dir='ltr'>et</span> <span class='ocrx_word' id='word_1_156' title='bbox 717 2807 1005 2882; x_wconf 78' lang='lat' dir='ltr'>irrationabiliter</span> <span class='ocrx_word' id='word_1_157' title='bbox 1016 2808 1172 2904; x_wconf 89' lang='lat' dir='ltr'>jussisset</span> <span class='ocrx_word' id='word_1_158' title='bbox 1187 2833 1265 2906; x_wconf 90' lang='lat' dir='ltr'>per-</span> 
     </span>
     <span class='ocr_line' id='line_1_22' title="bbox 201 2924 1264 3023; baseline 0.002 -28"><span class='ocrx_word' id='word_1_159' title='bbox 201 2926 275 2996; x_wconf 89' lang='lat' dir='ltr'>cuti</span> <span class='ocrx_word' id='word_1_160' title='bbox 295 2940 330 2996; x_wconf 92' lang='lat' dir='ltr'>et</span> <span class='ocrx_word' id='word_1_161' title='bbox 349 2925 450 3017; x_wconf 78' lang='lat' dir='ltr'>caedi,</span> <span class='ocrx_word' id='word_1_162' title='bbox 474 2925 592 2996; x_wconf 88' lang='lat' dir='ltr'>statim</span> <span class='ocrx_word' id='word_1_163' title='bbox 613 2925 742 2996; x_wconf 89' lang='lat' dir='ltr'>Paulus</span> <span class='ocrx_word' id='word_1_164' title='bbox 760 2924 970 3023; x_wconf 86' lang='lat' dir='ltr'>respondit:</span> <span class='ocrx_word' id='word_1_165' title='bbox 994 2954 1011 2990; x_wconf 76' lang='lat' dir='ltr'>a</span> <span class='ocrx_word' id='word_1_166' title='bbox 1035 2926 1208 2996; x_wconf 87' lang='lat' dir='ltr'>Percutiet</span> <span class='ocrx_word' id='word_1_167' title='bbox 1231 2941 1264 2998; x_wconf 89' lang='lat' dir='ltr'>te</span> 
     </span>
     <span class='ocr_line' id='line_1_23' title="bbox 203 3036 1263 3138; baseline 0.005 -27"><span class='ocrx_word' id='word_1_168' title='bbox 203 3036 310 3130; x_wconf 81' lang='lat' dir='ltr'>neus,</span> <span class='ocrx_word' id='word_1_169' title='bbox 328 3042 443 3138; x_wconf 89' lang='lat' dir='ltr'>paries</span> <span class='ocrx_word' id='word_1_170' title='bbox 454 3039 629 3113; x_wconf 86' lang='lat' dir='ltr'>dealbate.</span> <span class='ocrx_word' id='word_1_171' title='bbox 645 3044 697 3112; x_wconf 83' lang='lat' dir='ltr'>Tu</span> <span class='ocrx_word' id='word_1_172' title='bbox 708 3041 809 3113; x_wconf 91' lang='lat' dir='ltr'>sedes</span> <span class='ocrx_word' id='word_1_173' title='bbox 820 3040 981 3138; x_wconf 89' lang='lat' dir='ltr'>judicare</span> <span class='ocrx_word' id='word_1_174' title='bbox 995 3066 1052 3113; x_wconf 89' lang='lat' dir='ltr'>me</span> <span class='ocrx_word' id='word_1_175' title='bbox 1066 3042 1263 3116; x_wconf 87' lang='lat' dir='ltr'>secundum</span> 
     </span>
     <span class='ocr_line' id='line_1_24' title="bbox 202 3155 1263 3255; baseline 0.003 -27"><span class='ocrx_word' id='word_1_176' title='bbox 202 3157 329 3252; x_wconf 85' lang='lat' dir='ltr'>legem,</span> <span class='ocrx_word' id='word_1_177' title='bbox 344 3171 378 3229; x_wconf 88' lang='lat' dir='ltr'>et</span> <span class='ocrx_word' id='word_1_178' title='bbox 387 3173 514 3230; x_wconf 90' lang='lat' dir='ltr'>contra</span> <span class='ocrx_word' id='word_1_179' title='bbox 521 3156 635 3252; x_wconf 88' lang='lat' dir='ltr'>legem</span> <span class='ocrx_word' id='word_1_180' title='bbox 646 3155 750 3252; x_wconf 85' lang='lat' dir='ltr'>jubes</span> <span class='ocrx_word' id='word_1_181' title='bbox 761 3176 820 3228; x_wconf 92' lang='lat' dir='ltr'>me</span> <span class='ocrx_word' id='word_1_182' title='bbox 835 3158 984 3255; x_wconf 86' lang='lat' dir='ltr'>percuti.</span> <span class='ocrx_word' id='word_1_183' title='bbox 1001 3186 1018 3224; x_wconf 84' lang='lat' dir='ltr'>n</span> <span class='ocrx_word' id='word_1_184' title='bbox 1031 3161 1166 3229; x_wconf 85' lang='lat' dir='ltr'>Etcum</span> <span class='ocrx_word' id='word_1_185' title='bbox 1175 3159 1207 3229; x_wconf 88' lang='lat' dir='ltr'>ei</span> <span class='ocrx_word' id='word_1_186' title='bbox 1216 3158 1263 3231; x_wconf 84' lang='lat' dir='ltr'>ab</span> 
     </span>
     <span class='ocr_line' id='line_1_25' title="bbox 203 3270 1263 3371; baseline 0.002 -28"><span class='ocrx_word' id='word_1_187' title='bbox 203 3270 423 3344; x_wconf 86' lang='lat' dir='ltr'>adstantibus</span> <span class='ocrx_word' id='word_1_188' title='bbox 446 3271 719 3371; x_wconf 77' lang='lat' dir='ltr'>exprobraretur</span> <span class='ocrx_word' id='word_1_189' title='bbox 742 3270 842 3367; x_wconf 76' lang='lat' dir='ltr'>quod</span> <span class='ocrx_word' id='word_1_190' title='bbox 865 3270 1101 3343; x_wconf 79' lang='lat' dir='ltr'>maledixisset</span> <span class='ocrx_word' id='word_1_191' title='bbox 1121 3297 1263 3345; x_wconf 89' lang='lat' dir='ltr'>summo</span> 
     </span>
     <span class='ocr_line' id='line_1_26' title="bbox 203 3386 1262 3484; baseline 0.001 -26"><span class='ocrx_word' id='word_1_192' title='bbox 203 3388 270 3458; x_wconf 86' lang='lat' dir='ltr'>Dei</span> <span class='ocrx_word' id='word_1_193' title='bbox 287 3389 479 3480; x_wconf 89' lang='lat' dir='ltr'>sacerdoti,</span> <span class='ocrx_word' id='word_1_194' title='bbox 506 3389 600 3459; x_wconf 93' lang='lat' dir='ltr'>illico</span> <span class='ocrx_word' id='word_1_195' title='bbox 625 3411 662 3458; x_wconf 91' lang='lat' dir='ltr'>se</span> <span class='ocrx_word' id='word_1_196' title='bbox 685 3410 883 3484; x_wconf 83' lang='lat' dir='ltr'>expurgans</span> <span class='ocrx_word' id='word_1_197' title='bbox 904 3386 1017 3458; x_wconf 83' lang='lat' dir='ltr'>dixit:</span> <span class='ocrx_word' id='word_1_198' title='bbox 1040 3417 1057 3454; x_wconf 82' lang='lat' dir='ltr'>n</span> <span class='ocrx_word' id='word_1_199' title='bbox 1082 3391 1157 3483; x_wconf 88' lang='lat' dir='ltr'>Ego</span> <span class='ocrx_word' id='word_1_200' title='bbox 1180 3415 1262 3460; x_wconf 88' lang='lat' dir='ltr'>eum</span> 
     </span>
     <span class='ocr_line' id='line_1_27' title="bbox 203 3501 1259 3602; baseline 0 -28"><span class='ocrx_word' id='word_1_201' title='bbox 203 3528 383 3575; x_wconf 91' lang='lat' dir='ltr'>summum</span> <span class='ocrx_word' id='word_1_202' title='bbox 400 3504 620 3577; x_wconf 89' lang='lat' dir='ltr'>sacerdotem</span> <span class='ocrx_word' id='word_1_203' title='bbox 640 3501 858 3602; x_wconf 87' lang='lat' dir='ltr'>nesciebam;</span> <span class='ocrx_word' id='word_1_204' title='bbox 880 3503 1050 3600; x_wconf 89' lang='lat' dir='ltr'>scriptum</span> <span class='ocrx_word' id='word_1_205' title='bbox 1070 3519 1123 3575; x_wconf 89' lang='lat' dir='ltr'>est</span> <span class='ocrx_word' id='word_1_206' title='bbox 1138 3505 1259 3576; x_wconf 90' lang='lat' dir='ltr'>enim:</span> 
     </span>
     <span class='ocr_line' id='line_1_28' title="bbox 203 3616 1258 3720; baseline -0.002 -29"><span class='ocrx_word' id='word_1_207' title='bbox 203 3621 355 3720; x_wconf 89' lang='lat' dir='ltr'>principi</span> <span class='ocrx_word' id='word_1_208' title='bbox 373 3621 495 3718; x_wconf 92' lang='lat' dir='ltr'>populi</span> <span class='ocrx_word' id='word_1_209' title='bbox 512 3619 564 3691; x_wconf 92' lang='lat' dir='ltr'>tui</span> <span class='ocrx_word' id='word_1_210' title='bbox 581 3643 657 3692; x_wconf 91' lang='lat' dir='ltr'>non</span> <span class='ocrx_word' id='word_1_211' title='bbox 680 3616 882 3690; x_wconf 87' lang='lat' dir='ltr'>maledices.</span> <span class='ocrx_word' id='word_1_212' title='bbox 904 3645 922 3685; x_wconf 84' lang='lat' dir='ltr'>u</span> <span class='ocrx_word' id='word_1_213' title='bbox 944 3619 1106 3713; x_wconf 80' lang='lat' dir='ltr'>(Actuum</span> <span class='ocrx_word' id='word_1_214' title='bbox 1122 3622 1258 3697; x_wconf 80' lang='lat' dir='ltr'>XXllll.</span> 
     </span>
     <span class='ocr_line' id='line_1_29' title="bbox 203 3734 1263 3832; baseline 0 -25"><span class='ocrx_word' id='word_1_215' title='bbox 203 3737 329 3809; x_wconf 90' lang='lat' dir='ltr'>Merito</span> <span class='ocrx_word' id='word_1_216' title='bbox 345 3736 553 3824; x_wconf 88' lang='lat' dir='ltr'>enimcum,</span> <span class='ocrx_word' id='word_1_217' title='bbox 572 3736 647 3831; x_wconf 90' lang='lat' dir='ltr'>qui,</span> <span class='ocrx_word' id='word_1_218' title='bbox 666 3734 792 3807; x_wconf 90' lang='lat' dir='ltr'>sedens</span> <span class='ocrx_word' id='word_1_219' title='bbox 812 3734 1009 3807; x_wconf 91' lang='lat' dir='ltr'>secundum</span> <span class='ocrx_word' id='word_1_220' title='bbox 1031 3736 1145 3831; x_wconf 88' lang='lat' dir='ltr'>legem</span> <span class='ocrx_word' id='word_1_221' title='bbox 1166 3735 1263 3832; x_wconf 86' lang='lat' dir='ltr'>judi-</span> 
     </span>
    </p>
   </div>
   <div class='ocr_carea' id='block_1_5' title="bbox 207 3937 1262 4288">
    <p class='ocr_par' dir='ltr' id='par_1_5' title="bbox 207 3937 1262 4288">
     <span class='ocr_line' id='line_1_30' title="bbox 245 3937 1260 4022; baseline -0.002 -22"><span class='ocrx_word' id='word_1_222' title='bbox 245 3945 274 4000; x_wconf 88' lang='lat' dir='ltr'>l.</span> <span class='ocrx_word' id='word_1_223' title='bbox 296 3947 340 4002; x_wconf 80' lang='lat' dir='ltr'>En</span> <span class='ocrx_word' id='word_1_224' title='bbox 357 3960 474 4022; x_wconf 83' lang='lat' dir='ltr'>marge,</span> <span class='ocrx_word' id='word_1_225' title='bbox 495 3940 531 3998; x_wconf 91' lang='lat' dir='ltr'>de</span> <span class='ocrx_word' id='word_1_226' title='bbox 548 3943 576 3998; x_wconf 93' lang='lat' dir='ltr'>la</span> <span class='ocrx_word' id='word_1_227' title='bbox 596 3939 675 3998; x_wconf 89' lang='lat' dir='ltr'>main</span> <span class='ocrx_word' id='word_1_228' title='bbox 692 3939 729 3999; x_wconf 89' lang='lat' dir='ltr'>de</span> <span class='ocrx_word' id='word_1_229' title='bbox 743 3940 866 4001; x_wconf 86' lang='lat' dir='ltr'>l’auteur</span> <span class='ocrx_word' id='word_1_230' title='bbox 882 3960 890 3998; x_wconf 87' lang='lat'>:</span> <span class='ocrx_word' id='word_1_231' title='bbox 910 3964 923 3993; x_wconf 85' lang='grc' dir='ltr'>ι</span> <span class='ocrx_word' id='word_1_232' title='bbox 941 3943 1005 3998; x_wconf 85' lang='lat' dir='ltr'>Hoc</span> <span class='ocrx_word' id='word_1_233' title='bbox 1017 3938 1058 3998; x_wconf 85' lang='lat' dir='ltr'>ita</span> <span class='ocrx_word' id='word_1_234' title='bbox 1072 3937 1194 4019; x_wconf 87' lang='lat' dir='ltr'>intelligi</span> <span class='ocrx_word' id='word_1_235' title='bbox 1207 3939 1260 3999; x_wconf 92' lang='lat' dir='ltr'>de·</span> 
     </span>
     <span class='ocr_line' id='line_1_31' title="bbox 207 4034 1262 4114; baseline -0.006 -16"><span class='ocrx_word' id='word_1_236' title='bbox 207 4063 222 4091; x_wconf 79' lang='grc' dir='ltr'>ι</span> <span class='ocrx_word' id='word_1_237' title='bbox 239 4037 308 4098; x_wconf 85' lang='lat' dir='ltr'>bere</span> <span class='ocrx_word' id='word_1_238' title='bbox 328 4035 397 4097; x_wconf 89' lang='lat' dir='ltr'>dicit</span> <span class='ocrx_word' id='word_1_239' title='bbox 414 4051 529 4097; x_wconf 87' lang='lat' dir='ltr'>sanctus</span> <span class='ocrx_word' id='word_1_240' title='bbox 548 4034 679 4093; x_wconf 89' lang='lat' dir='ltr'>Thomas·</span> <span class='ocrx_word' id='word_1_241' title='bbox 689 4037 813 4093; x_wconf 76' lang='lat' dir='ltr'>Summa</span> <span class='ocrx_word' id='word_1_242' title='bbox 836 4037 879 4107; x_wconf 92' lang='lat'>11,</span> <span class='ocrx_word' id='word_1_243' title='bbox 906 4047 1007 4114; x_wconf 72' lang='lat' dir='ltr'>quaest.</span> <span class='ocrx_word' id='word_1_244' title='bbox 1025 4039 1081 4108; x_wconf 79' lang='lat'>96,</span> <span class='ocrx_word' id='word_1_245' title='bbox 1104 4047 1159 4093; x_wconf 89' lang='lat' dir='ltr'>art.</span> <span class='ocrx_word' id='word_1_246' title='bbox 1177 4036 1212 4113; x_wconf 77' lang='lat' dir='ltr'>l,</span> <span class='ocrx_word' id='word_1_247' title='bbox 1231 4035 1262 4092; x_wconf 90' lang='lat' dir='ltr'>in</span> 
     </span>
     <span class='ocr_line' id='line_1_32' title="bbox 207 4124 1262 4210; baseline 0 -23"><span class='ocrx_word' id='word_1_248' title='bbox 207 4158 223 4187; x_wconf 81' lang='grc' dir='ltr'>ι</span> <span class='ocrx_word' id='word_1_249' title='bbox 240 4130 382 4192; x_wconf 87' lang='lat' dir='ltr'>solutione</span> <span class='ocrx_word' id='word_1_250' title='bbox 395 4130 518 4191; x_wconf 88' lang='lat' dir='ltr'>duomm</span> <span class='ocrx_word' id='word_1_251' title='bbox 532 4128 692 4210; x_wconf 89' lang='lat' dir='ltr'>primorum</span> <span class='ocrx_word' id='word_1_252' title='bbox 710 4136 964 4208; x_wconf 84' lang='lat' dir='ltr'>argumentorum,</span> <span class='ocrx_word' id='word_1_253' title='bbox 982 4139 1011 4187; x_wconf 90' lang='lat' dir='ltr'>et</span> <span class='ocrx_word' id='word_1_254' title='bbox 1029 4125 1115 4186; x_wconf 88' lang='lat' dir='ltr'>etiam</span> <span class='ocrx_word' id='word_1_255' title='bbox 1133 4126 1164 4186; x_wconf 92' lang='lat' dir='ltr'>in</span> <span class='ocrx_word' id='word_1_256' title='bbox 1181 4124 1262 4187; x_wconf 89' lang='lat' dir='ltr'>solu-</span> 
     </span>
     <span class='ocr_line' id='line_1_33' title="bbox 209 4220 704 4288; baseline -0.014 0"><span class='ocrx_word' id='word_1_257' title='bbox 209 4254 223 4281; x_wconf 82' lang='lat'><strong>·</strong></span> <span class='ocrx_word' id='word_1_258' title='bbox 238 4227 316 4288; x_wconf 89' lang='lat' dir='ltr'>tione</span> <span class='ocrx_word' id='word_1_259' title='bbox 327 4220 367 4288; x_wconf 76' lang='lat' dir='ltr'>td</span> <span class='ocrx_word' id='word_1_260' title='bbox 379 4224 494 4287; x_wconf 60' lang='lat' dir='ltr'>mum</span> <span class='ocrx_word' id='word_1_261' title='bbox 507 4222 670 4285; x_wconf 78' lang='lat' dir='ltr'>arficulum.</span> <span class='ocrx_word' id='word_1_262' title='bbox 688 4242 704 4276; x_wconf 78' lang='lat' dir='ltr'>s</span> 
     </span>
    </p>
   </div>
   <div class='ocr_carea' id='block_1_6' title="bbox 0 0 1483 5070">
    <p class='ocr_par' dir='ltr' id='par_1_6' title="bbox 0 0 1483 5070">
     <span class='ocr_line' id='line_1_34' title="bbox 0 0 1483 5070; baseline 0 0"><span class='ocrx_word' id='word_1_263' title='bbox 0 0 1483 5070; x_wconf 95' lang='lat' dir='ltr'> </span> 
     </span>
    </p>
   </div>
  </div>
 </body>
</html>
