2946 5070
201 508 239 563 68
473 500 730 561 utstotttnnttn
754 499 931 557 LUDOVICI
950 501 993 557 xl

204 636 301 707 nulla
328 633 507 732 dignitatis
537 656 599 703 seu
625 632 736 703 aetatis
755 632 970 724 reverentia,
1003 631 1102 704 nulla
1124 633 1266 704 misera-

203 754 301 824 tione
317 767 378 824 aut
409 751 473 821 Dei
493 751 619 821 timore
636 749 806 847 permoti,
823 746 1007 821 horrenda
1035 764 1152 820 morte
1182 775 1266 821 ene·

202 882 391 959 caverunt,
407 866 490 964 palo
502 891 567 964 per
578 864 654 962 ejus
663 865 849 957 interiora,
861 862 907 937 ab
921 862 1053 935 infimis
1068 864 1264 962 pudendis,

202 982 298 1055 unde
328 982 419 1054 seces
448 982 609 1079 corporis
636 996 840 1076 egeruntur,
872 1005 985 1076 usque
1020 980 1066 1052 ad
1096 982 1266 1054 verticem

202 1099 338 1198 capitis,
372 1096 521 1169 defixo¹.
557 1102 736 1168 Matronas
765 1098 873 1169 etiam
906 1096 1074 1168 honestas
1104 1097 1267 1194 ejusdem

201 1216 350 1287 civitatis
358 1229 393 1286 et
401 1213 629 1312 quamplures
642 1214 807 1311 virgines,
825 1214 954 1312 stupris
967 1213 1141 1285 violenter
1163 1238 1267 1286 exac-

201 1333 264 1424 tis,
278 1331 478 1423 foedarunt,
498 1331 553 1401 vel
572 1330 762 1402 decurtatis
779 1328 826 1402 ad
844 1329 1014 1428 pudenda
1032 1354 1147 1427 usque
1162 1332 1267 1402 vesti·

201 1448 270 1520 bus
282 1470 426 1541 earum,
442 1445 599 1518 ludibrio
614 1445 832 1519 habuerunt.

250 1568 341 1636 Cum
360 1579 480 1643 autem
494 1563 642 1660 hujusce
667 1565 874 1637 calamitatis
893 1563 985 1637 lama
998 1563 1184 1660 regionem
1201 1567 1266 1636 im·

198 1681 378 1780 plevisset,
397 1681 586 1778 statimqne
612 1680 658 1753 ad
676 1682 766 1777 regis
784 1681 949 1753 notitiam
962 1680 1134 1779 perducta
1150 1680 1264 1773 toret,

199 1798 354 1870 exterriti
369 1797 478 1890 luere,
492 1821 567 1868 non
580 1797 690 1870 modo
701 1797 746 1873 de
755 1797 880 1870 vicinis
889 1797 1090 1870 civitatibus
1098 1812 1134 1869 et
1143 1798 1267 1870 castel·

199 1912 260 2006 lis,
285 1913 533 1986 verumetiam
561 1912 606 1985 de
626 1913 877 1985 remotioribus
903 1914 1109 2012 provinciis,
1142 1914 1268 2013 populi

199 2028 393 2102 christiani.
419 2027 642 2102 Verebantur
669 2030 767 2101 enim
795 2054 840 2100 ne
871 2029 1013 2122 statim,
1048 2053 1132 2101 cum
1160 2029 1267 2126 longe

200 2146 336 2243 majore
350 2171 393 2218 ac
416 2145 588 2217 validiore
607 2171 737 2238 manu,
756 2144 865 2217 iidem
880 2145 984 2216 'lurei
1000 2171 1063 2244 per
1086 2170 1168 2219 eam
1187 2170 1268 2244 par·

200 2268 273 2330 tem
300 2257 336 2328 in
368 2257 504 2330 ltaliam
528 2258 773 2329 convolarent.
795 2256 902 2344 Quod
931 2258 960 2328 si
974 2258 1153 2350 iecissent,
1184 2284 1268 2357 pro·

201 2370 307 2465 lect0,
326 2373 463 2445 nedum
480 2374 634 2467 ltaliam,
658 2373 721 2446 sed
738 2374 845 2446 etiam
861 2374 947 2446 alias
962 2374 1172 2447 christianas
1183 2400 1267 2473 pro·

202 2489 348 2581 vincias,
364 2515 439 2561 non
449 2490 517 2561 levi
528 2505 624 2562 metu
634 2491 756 2562 anxias
765 2515 807 2562 ac
820 2490 987 2561 sollicitas
999 2489 1264 2562 reddidissent'.

201 2609 334 2678 Verum
361 2606 508 2678 meliora
531 2606 575 2678 de
599 2607 670 2678 suis
695 2604 859 2677 fidelibus
878 2604 1017 2676 domini
1045 2607 1111 2678 Dei
1132 2630 1174 2678 ac
1203 2610 1268 2677 lle·

201 2717 397 2817 demptoris
411 2718 522 2790 nostri
538 2717 739 2814 benignitas
763 2731 798 2789 et
815 2716 1003 2790 clementia
1020 2717 1201 2791 ordinavit
1226 2742 1267 2789 ac

201 2836 369 2934 providit.
386 2837 475 2910 Nam
492 2861 568 2907 non
589 2834 741 2906 multum
758 2834 821 2906 diu
847 2850 928 2932 post
943 2834 1034 2927 hoc,
1053 2859 1145 2908 saeva
1159 2835 1219 2907 illa
1233 2849 1268 2906 et

241 3023 272 3077 l.
295 3018 430 3077 L'auteur
446 3016 573 3076 confond
586 3015 623 3074 ici
644 3016 671 3074 le
686 3029 746 3073 sort
763 3014 799 3074 de
814 3016 1017 3094 l’archeveque
1034 3015 1183 3075 d’Otrante
1198 3036 1268 3074 avec

201 3111 275 3171 celui
291 3111 327 3168 ‹le
341 3130 385 3168 ses
398 3111 544 3170 consreres
558 3108 594 3168 de
610 3108 730 3169 Brindes
744 3123 773 3167 et
786 3110 822 3168 de
835 3110 943 3183 Nardo,
960 3131 1018 3190 que
1031 3111 1072 3170 les
1085 3117 1175 3173 Turcs
1193 3140 1206 3164 u
1217 3111 1268 3169 im·

204 3235 217 3259 ι
235 3206 325 3286 palari
340 3207 469 3264 fecerunt
482 3231 514 3277 r,
529 3204 571 3263 dit
584 3205 611 3264 le
624 3208 755 3262 Diarr‘um
774 3209 937 3265 Parmense.
954 3209 993 3266 ce
1006 3210 1100 3265 metue
1114 3206 1268 3266 document

201 3322 239 3360 ne
261 3302 376 3380 specillo
397 3321 448 3380 pas
470 3301 497 3360 le
515 3319 603 3380 genre
627 3300 663 3359 de
685 3299 818 3358 mort.de
841 3301 1043 3380 l'archeveque
1063 3303 1228 3376 d'Otrante;
1249 3303 1268 3362 il

202 3395 299 3453 «hinne
312 3394 471 3453 seulement
483 3414 595 3453 comme
608 3415 648 3453 un
661 3393 757 3452 on-dit
771 3394 841 3471 qu’il
857 3395 898 3451 sut
913 3395 1044 3474 empaille
1061 3423 1074 3447 «ι
1090 3396 1196 3455 dicitur
1211 3397 1268 3476 epi-

206 3516 219 3542 «
237 3510 355 3567 scopum
370 3489 482 3547 Otranti
498 3490 584 3547 l'nisse
600 3489 790 3560 excoriatum,
805 3500 836 3547 et
849 3487 954 3567 pellem
972 3488 1118 3567 impletam
1133 3491 1240 3568 paleis;
1254 3517 1267 3542 ι

203 3584 274 3643 mais
289 3583 353 3662 plus
368 3583 426 3641 loin
440 3584 459 3641 il
475 3583 564 3641 relate
580 3602 636 3641 une
651 3581 801 3641 circulaire
815 3580 857 3641 du
873 3600 948 3661 pape
964 3583 1043 3642 Sixte
1059 3586 1098 3640 IV
1112 3584 1164 3663 qui
1180 3585 1268 3670 insor-

203 3677 272 3735 rnait
291 3678 318 3735 la
336 3677 493 3737 clrreticnte
508 3677 546 3736 du
566 3678 693 3736 desastre
712 3676 861 3736 d’Otrante
874 3690 920 3748 et,
943 3690 1023 3735 entre
1040 3691 1137 3736 autres
1155 3680 1270 3738 circon-

202 3785 329 3845 stauces,
350 3771 508 3851 expliquait
523 3791 581 3850 qne
602 3771 644 3829 les
663 3775 753 3829 Turcs
773 3771 888 3829 avaient
908 3770 959 3829 fait
978 3771 1052 3829 scier
1068 3772 1270 3852 l‘archeveque

205 3885 348 3925 «numne
369 3868 411 3925 sut
433 3865 491 3925 scie
511 3866 539 3924 le
560 3865 702 3945 prophete
722 3869 806 3925 Isaie.
827 3892 839 3916 ν
868 3864 910 3922 Cs.
935 3865 1088 3938 Mummii,
1116 3872 1271 3944 §emptores

202 3981 295 4018 rerum
310 3965 394 4036 leat,
411 3973 432 4019 t.
449 3962 554 4032 XXII,
570 3960 626 4018 col.
644 3963 702 4020 3116
717 3973 746 4017 et
760 3962 829 4019 352.

243 4059 272 4112 2.
299 4080 312 4107 ι
325 4053 465 4113 Dubitant
480 4055 604 4114 Romani
622 4075 660 4114 ne
677 4059 787 4114 ‘hircus
805 4053 903 4112 teniat
916 4057 1054 4128 Romam,
1074 4070 1163 4135 prout
1179 4057 1269 4116 mina-

205 4177 219 4204 ι
236 4165 293 4221 tur,
316 4163 344 4208 et
366 4163 482 4209 narrant
499 4149 596 4209 urultae
614 4150 782 4230 prophetiae.
802 4175 816 4204 ι
839 4153 973 4206 Diutium
994 4155 1162 4228 Parmense,
1184 4153 1204 4209 l.
1229 4172 1268 4223 c.‚

200 4245 257 4304 col.
279 4248 347 4306 364.
