2946 5070
716 467 900 523 APOLOGIA
909 507 918 529 ,

662 779 920 850 CAPITULUM
944 780 987 846 V.

634 980 724 1034 ‘reru
734 978 1013 1033 neocorensem.

344 1171 417 1239 Nos
437 1166 545 1239 etiam
561 1162 713 1263 proinde
737 1187 811 1234 non
836 1186 965 1261 parum
983 1162 1160 1239 felicitatis
1178 1187 1261 1235 esse
1279 1187 1372 1234 asse·

294 1297 397 1356 cutus
419 1294 639 1381 reputantes,
664 1279 763 1376 quod
788 1303 855 1349 nec
878 1278 991 1351 oculis
1011 1294 1214 1377 tyranuum
1241 1278 1369 1351 intueri

295 1413 400 1495 atque
418 1396 591 1495 inspicere
607 1394 821 1487 habeamus,
839 1419 906 1469 nec
926 1394 1020 1467 mala
1043 1396 1102 1467 vix
1128 1394 1363 1487 enarrabilia,

294 1512 425 1613 quihus
447 1511 514 1584 suh
534 1511 603 1584 isto
627 1511 849 1610 principante
870 1512 1075 1583 universum
1097 1535 1259 1607 regnum
1275 1513 1365 1609 ejus·

294 1655 364 1727 que
380 1629 526 1718 accolae,
545 1652 587 1701 ae
610 1628 790 1726 potissime
807 1628 990 1728 provincia
1006 1630 1260 1721 Normannhr,
1280 1629 1366 1703 affli-

294 1760 426 1843 guntur
441 1760 477 1817 et
491 1759 701 1818 atteruntur.
722 1747 809 1831 Quae
824 1760 876 1816 est
894 1747 996 1818 tertia
1013 1745 1104 1816 ratio
1123 1746 1161 1816 in
1175 1745 1236 1818 his
1253 1771 1364 1846 perse-

293 1862 498 1936 cutionibus
515 1860 769 1932 consolationis
784 1876 924 1932 nostine.

345 2016 362 2051 α
380 1986 459 2055 Non
482 1979 551 2052 alia
569 1978 607 2050 in
626 2001 733 2050 causa
747 2007 765 2046 >r
785 1977 900 2075 inquit
917 1978 1054 2070 Cicero,
1074 2006 1092 2046 u
1111 1981 1262 2052 Marcus
1278 1984 1363 2054 Cato

295 2098 373 2193 suit,
393 2098 460 2170 alia
488 2096 617 2186 caeteri,
635 2092 696 2192 qui
720 2119 756 2166 se
779 2094 816 2164 in
841 2093 953 2166 Africa
973 2094 1099 2167 Caesari
1120 2095 1360 2170 tradiderunt.

293 2216 425 2285 Tamen
442 2214 587 2305 Catoni,
606 2210 704 2308 quod
723 2209 790 2281 sibi
806 2209 1052 2282 incredibilem
1074 2226 1208 2284 natura
1226 2212 1364 2286 tribuis

294 2342 346 2399 set
360 2329 566 2423 gravitatem
581 2352 732 2424 eamque
744 2341 915 2425 perpetua
927 2327 1126 2400 constantia
1138 2327 1360 2423 roborasset,

211 2512 216 2523 ,
294 2443 524 2515 moriendum
551 2443 670 2541 potius
695 2467 805 2539 quam
822 2443 963 2539 tyranni
978 2442 1096 2514 vultus
1117 2443 1362 2542 inspiciendus

295 2558 372 2631 suit.
396 2589 413 2628 n
434 2564 484 2630 Ex
504 2584 575 2657 qua
590 2558 751 2657 prolecto
768 2561 942 2633 sententia
956 2560 1074 2655 colligi
1088 2559 1173 2632 licet
1188 2587 1266 2634 non
1284 2589 1361 2662 par·

293 2700 376 2748 vam
392 2678 540 2773 gratiam
557 2676 634 2746 viro
656 2676 752 2771 gravi
769 2690 875 2773 atque
891 2676 1057 2774 sapienti,
1077 2677 1136 2747 cui
1155 2702 1232 2775 prae
1246 2680 1360 2750 onmi-

292 2790 361 2865 bus
378 2794 480 2866 malis
504 2817 626 2865 amore
642 2791 782 2890 justitiae
801 2791 1025 2864 exsecrabilis
1047 2793 1211 2890 tyrannis
1229 2792 1361 2867 habea·

292 2924 362 3001 tur,
391 2911 534 2983 allatam
561 2934 649 2998 esse,
678 2908 777 3005 quod
803 2922 958 3007 tyranno
986 2932 1110 2981 coram
1135 2910 1282 2986 adstare
1310 2913 1361 2983 vel

291 3051 374 3098 eum
390 3027 502 3099 oculis
517 3025 646 3098 intueri
662 3050 725 3098 seu
741 3024 930 3125 inspicere,
949 3024 1054 3124 eique
1070 3051 1201 3127 parere
1214 3031 1360 3102 minime

292 3144 538 3241 compellatur,
568 3142 713 3239 quando
741 3138 956 3215 occumbere
980 3143 1102 3243 potius
1127 3168 1244 3241 quam
1266 3162 1361 3219 tanta

292 3259 435 3357 percelli
461 3259 677 3351 infelicitate,
702 3255 804 3357 quod
825 3256 968 3355 tyranni
987 3256 1181 3358 inspiceret
1205 3263 1358 3353 vultum,

290 3374 430 3472 sapiens
446 3378 535 3446 Cato
557 3374 698 3471 delegit.
720 3373 805 3471 Qui,
825 3374 856 3446 si
871 3370 919 3447 ab
934 3372 1006 3448 alio
1020 3372 1089 3449 sihi
1103 3398 1237 3451 necem
1252 3404 1360 3481 prop·

289 3506 385 3565 terea
410 3493 608 3591 pertulisset
638 3492 790 3582 illatam,
815 3516 892 3567 non
920 3490 1081 3593 sibiipsi
1110 3498 1358 3592 conscivisse,

212 3698 214 3703 Ι
291 3608 418 3708 procul
427 3607 553 3703 dubio,
568 3635 635 3683 nec
646 3608 847 3685 christianis
856 3608 1358 3715 temporibusvihrperandtu,

295 3727 358 3803 sed
382 3729 691 3803 commendandus
706 3729 826 3829 potius
846 3730 1054 3831 magnisque
1068 3728 1239 3808 laudibus
1254 3746 1362 3835 atque

292 3845 481 3944 praeconiis
503 3844 719 3919 attollendus
742 3845 844 3920 soret.
863 3846 967 3920 Unde
983 3848 1199 3950 perpulchre
1217 3868 1363 3927 metris

289 3961 515 4058 Pygmenius,
531 3961 716 4061 presbyter
732 3976 769 4036 et
779 3961 909 4037 Christi
923 3980 1059 4065 martyr
1072 3966 1263 4067 doricae,
1277 3996 1361 4045 cum

289 4082 466 4180 corporali
481 4108 670 4181 percussus
693 4081 849 4157 caecitate
872 4084 1053 4159 lulianum
1071 4101 1276 4187 apostatam
1293 4090 1361 4165 cb·

289 4197 388 4271 vium
406 4197 588 4273 habuisset
614 4198 797 4272 sedentem
820 4199 859 4273 iu
883 4200 999 4277 rheda
1013 4226 1123 4279 auree
1146 4204 1268 4306 (ctrjua
1286 4208 1361 4311 ipse
