2946 5070
158 456 222 531 bl!
591 453 796 527 amnonis,

164 588 357 665 mobilibus
370 587 623 689 spoliaremur,
642 612 756 686 eaque
771 585 1025 687 diripiendaet
1045 583 1221 686 perdenda

165 705 337 805 improbis
352 704 499 800 hujusce
518 705 648 779 nostris
666 682 888 790 delatoribus
899 703 1137 776 donarentur.

213 822 296 909 Sed,
318 821 416 919 quod
433 821 490 894 his
506 821 675 893 omnibus
692 821 832 893 damnis
845 820 1029 919 amplioris
1045 819 1224 892 anxietatis

167 952 202 1011 et
215 937 390 1013 ,molestiae
412 935 518 1009 nobis
540 937 723 1009 materiam
735 931 872 1027 attulit,
892 934 1028 1006 eisdem
1054 935 1225 1031 iniquissi·

136 1078 141 1087 ·
165 1056 232 1127 mis
247 1050 456 1125 bominibus
473 1050 677 1150 agentibus,
694 1041 768 1125 duo
786 1051 944 1147 germani
960 1050 1095 1141 nostri,
1115 1050 1227 1122 laido-

166 1172 265 1243 vicus
280 1184 315 1242 et
330 1167 515 1261 Thomas¹,
534 1168 597 1265 qui
610 1165 974 1242 administrandamm
985 1189 1107 1238 rerum
1123 1167 1227 1238 totius

167 1289 321 1367 ecclesiae
335 1303 464 1361 nostra
479 1301 513 1358 et
529 1289 736 1387 patrimonii
759 1312 882 1380 curam
901 1285 1076 1386 gerebant
1093 1287 1131 1358 in
1145 1287 1227 1358 civi·

168 1420 238 1479 tate
259 1418 397 1493 nostra,
419 1404 571 1503 apatria
592 1419 629 1477 et
651 1406 806 1503 propriis
832 1405 945 1477 avulsi
967 1402 1106 1476 laribus
1125 1417 1228 1501 atque

167 1520 398 1619 conjugibus,
419 1520 548 1620 captivi
570 1521 617 1593 ad
633 1545 752 1618 regem
777 1519 923 1601 abducti
944 1533 1030 1591 sunt
1058 1543 1144 1590 cum
1162 1543 1229 1590 ma·

168 1638 264 1711 ximo
282 1637 359 1709 vitae
376 1662 447 1709 suae
464 1637 687 1725 discrimine;
713 1636 880 1735 fuereque
899 1636 1034 1707 detenti
1051 1635 1150 1734 apud
1164 1638 1228 1707 Tu·

170 1757 269 1828 ionis
285 1779 501 1853 perannum
517 1779 600 1826 cum
623 1744 773 1826 dimidio
789 1778 872 1826 cum
894 1751 1103 1851 ingentibus
1117 1765 1226 1838 metii,

171 1873 277 1967 taedio
303 1886 338 1944 et
364 1852 571 1970 angoribus.
599 1875 682 1958 Quo
711 1869 921 1942 decurrente
942 1884 1128 1967 tempore,
1153 1892 1230 1939 cirin

171 2004 293 2088 raptos
316 2002 352 2059 et
376 1976 420 2059 eii
437 1986 584 2090 diversis
600 1985 797 2059 Galliarum
816 1985 1015 2084 provinciis
1028 2009 1101 2083 pro
1118 1982 1233 2054 simili·

170 2101 241 2175 bus
256 2102 444 2175 calumniis
461 2116 497 2173 et
518 2102 634 2173 causis
648 2099 823 2176 adductos
838 2100 1094 2198 quamplures,
1108 2099 1148 2170 in
1163 2097 1233 2168 flu-

171 2219 270 2289 mine
296 2217 490 2293 suffocatos
516 2232 579 2295 aut
614 2216 715 2306 aliter
742 2229 908 2290 emeatus
938 2214 1130 2306 audirent,
1165 2229 1235 2285 tam

171 2335 278 2407 anxia
300 2333 430 2430 jugiter
457 2332 713 2432 premebantin
741 2333 930 2405 formidine
963 2347 1005 2403 ut
1032 2356 1114 2402 non
1142 2329 1236 2403 aliud

172 2463 429 2548 exspectarent,
451 2474 560 2548 quam
578 2450 679 2546 quod
694 2451 856 2522 dietenus
870 2449 1033 2521 similiter
1047 2449 1098 2522 ad
1109 2471 1237 2519 necem

173 2565 250 2663 rapi
267 2578 374 2662 atque
397 2565 481 2637 duci
497 2564 681 2637 deberent.

223 2685 315 2753 Cum
332 2696 452 2754 autem
468 2705 532 2754 sua
549 2682 756 2778 hujusmodi
773 2696 873 2753 tanta
887 2681 1071 2780 pericula,
1094 2704 1240 2750 moiren-

176 2825 327 2897 snmque
354 2798 447 2871 adeo
471 2800 508 2870 in
534 2824 601 2870 nos
625 2814 660 2870 et
681 2824 773 2891 sese,
791 2822 897 2871 causa
912 2800 1048 2883 nostri,
1074 2797 1168 2894 regis
1190 2797 1241 2867 fu·

175 2940 313 3005 rorem,
345 2930 470 3012 agente
496 2915 795 3001 calumniatorum
821 2915 998 3011 nequitia,
1030 2912 1140 2985 nobis
1166 2913 1243 2983 inti·

176 3056 275 3104 mare
306 3046 509 3123 curassent,
544 3033 607 3129 qui
640 3047 717 3103 tum
746 3030 948 3119 Gabennis,
978 3031 1033 3100 uti
1064 3028 1242 3118 diximus,

176 3167 336 3233 eramus,
374 3144 702 3242 supplicassentque
737 3143 784 3216 ad
811 3141 1049 3237 mitigandam
1074 3141 1244 3236 hujusce·

177 3257 277 3351 modi
303 3256 559 3355 indignationis
585 3263 690 3356 regiae
711 3259 960 3350 acerbitatem,
991 3261 1055 3356 qui
1078 3274 1158 3329 tum
1181 3260 1244 3328 Sa-

176 3371 348 3444 baudiam
381 3374 611 3449 vehementer
640 3374 690 3448 ob
723 3376 856 3448 lamiam
882 3375 1063 3446 dictomm
1095 3374 1244 3445 trainim

179 3487 382 3585 principum
395 3514 539 3561 exosam
556 3478 736 3577 babebat,
762 3507 938 3587 quatenus
955 3515 1001 3562 ca
1021 3489 1197 3560 excedere
1212 3501 1247 3557 et

179 3603 216 3673 in
231 3605 462 3675 Germaniam
476 3630 544 3677 nos
559 3607 748 3679 transferre
760 3606 947 3696 vellemus,
964 3606 1088 3677 relicta
1103 3605 1246 3675 civitate

178 3718 406 3793 Gebennensi
419 3725 443 3810 ¹,
481 3725 650 3797 Basilcani
680 3750 748 3796 nos
774 3725 1013 3810 contulimus,
1052 3738 1246 3822 postquam

178 3836 352 3908 trimestre
366 3839 520 3936 spatium
535 3840 633 3938 apud
651 3839 843 3913 Gabenuas
858 3840 1150 3940 perfecissemus,
1170 3861 1246 3936 spe

218 4027 1248 4112 t.1nuisei1homasnasiii,nomnesdansptusimsderiioe

174 4117 373 4191 jusuficaiives
385 4127 476 4198 qii'on
489 4138 624 4183 monuere
636 4125 709 4184 dans
724 4127 752 4185 le
768 4130 819 4186 IV·
831 4127 961 4190 volume.

219 4216 250 4273 ἱ.
271 4214 794 4300 vmnmudesepmneitts.
