2946 5070
599 468 711 525 mnan
730 468 882 526 sextus.
1231 471 1264 530 ll

204 602 262 675 nis
273 625 340 675 seu
352 597 399 672 de
408 622 518 695 regno
527 601 681 670 Franciae
693 596 827 671 habere
841 597 1106 692 horrescebant,
1118 625 1185 673 nec
1195 602 1269 676 ullo

204 732 310 818 pacto
320 714 445 790 audire
451 729 634 813 poteraut,
648 738 710 786 seu
718 713 818 810 quod
824 714 1034 812 principissa
1043 739 1106 789 sua
1118 716 1266 810 dalfino,

204 831 513 930 regisiilio,prout
521 855 582 902 rex
592 828 829 922 desiderabat,
840 855 903 904 seu
912 831 1017 903 alicui
1030 832 1129 906 alteri
1138 834 1269 931 princi-

203 943 1269 1048 pumFranciae,nuptuitraderetur3unumpotiusexGerma-

204 1065 271 1137 niae
281 1060 503 1162 principibus
516 1085 554 1135 se
565 1085 695 1158 cupere
709 1059 1089 1157 acdesiderare,quem
1104 1089 1225 1158 regere
1233 1082 1268 1139 et

204 1178 403 1276 gubernare
419 1177 634 1276 principissae
649 1199 720 1248 suoe
741 1191 852 1248 terras
872 1200 914 1248 ac
930 1175 1093 1249 subditos
1107 1178 1267 1252 humano

203 1321 324 1388 more,
343 1296 489 1369 servatis
504 1293 639 1367 eisdem
654 1294 726 1365 snis
743 1293 898 1391 antiquis
926 1292 1147 1367 libertatibus
1160 1311 1266 1392 atque

203 1410 540 1502 consuetudinibus,
573 1434 713 1508 sperare
745 1425 925 1510 possent:
956 1435 1106 1506 regnum
1139 1437 1266 1512 nempe

204 1533 419 1603 Francorum
435 1538 470 1599 et
483 1527 593 1657 ipsius
609 1526 819 1618 accolas,·in
839 1540 944 1599 tantae
960 1526 1181 1624 dejectionis,
1197 1554 1266 1601 ser·

202 1646 335 1717 vimtis
339 1661 376 1716 et
399 1642 620 1719 miseriarum
640 1642 843 1734 cumulum,
859 1641 953 1740 prob
971 1640 1096 1716 dolor!
1117 1643 1265 1716 devolu-

203 1775 279 1833 tum
293 1759 516 1875 aspicientes,
534 1772 594 1851 ut,
623 1781 690 1856 pro
708 1757 902 1855 impiorum
918 1757 1207 1832 dominantium
1198 1786 1265 1835 un·

203 1877 384 1968 manitate,
394 1874 512 1977 nullus
529 1871 579 1945 ibi
597 1872 792 1970 quidquam
808 1898 913 1945 suum
924 1870 1042 1946 dicere
1054 1889 1185 1972 posset,
1202 1877 1264 1948 sed

202 2017 245 2064 ex
256 1991 367 2063 solius
388 1989 494 2061 unius
520 1987 673 2118 pendeat
691 1987 839 2060 arbitrio
854 2004 960 2084 atque
985 2003 1074 2062 nutu
1091 2005 1264 2085 quantum

203 2130 491 2203 unamquamque
511 2104 733 2202 provinciam
751 2103 984 2176 collationum
1000 2119 1034 2176 et
1050 2105 1264 2180 tributorum
1360 2184 1368 2208 ,

202 2222 357 2322 pendere
371 2235 554 2320 oporteat,
572 2234 678 2318 atque
693 2221 937 2317 unusquisque
965 2220 1081 2293 solum
1098 2222 1185 2293 illud
1213 2223 1262 2294 ibi

202 2321 351 2429 babeat,
369 2335 469 2435 quod
483 2335 551 2408 sibi
560 2334 796 2407 dominantis¹
812 2336 984 2432 rapacitas
1002 2335 1163 2408 relictum
1188 2362 1263 2410 esse

202 2454 408 2552 permiserit.
447 2453 549 2525 Unde
584 2451 629 2524 ad
663 2451 895 2548 quaerendum
934 2452 989 2524 vel
1016 2452 1262 2525 sustinendum

201 2570 399 2668 principem
429 2569 474 2641 de
492 2569 553 2641 illo
567 2570 664 2664 regio
680 2592 829 2665 genere,
847 2569 947 2645 nulla
960 2569 1097 2642 ratione
1111 2571 1165 2642 vel
1181 2594 1261 2653 sua·

201 2686 301 2759 sione
330 2686 462 2759 inflecti
489 2699 677 2784 poterant,
704 2685 760 2756 vel
788 2708 969 2757 assensum
994 2701 1177 2783 praestare3
1199 2685 1261 2757 sed

201 2801 310 2894 illud,
344 2817 515 2898 tanquam
529 2800 637 2872 totius
668 2825 738 2871 suaa
764 2800 908 2870 exitium
936 2799 1119 2891 libertatis,
1153 2801 1259 2872 vehe-

201 2918 416 2992 mentissime
431 2915 674 2989 abhorrebant
692 2930 799 3011 atque
822 2915 1133 2988 abominabantur.

563 3168 816 3275 urrunnun
841 3206 900 3274 u.

228 3382 266 3435 De
280 3380 501 3436 condemnatione
513 3393 538 3434 et
550 3381 681 3453 supplicio
691 3394 797 3453 sumpto
812 3379 845 3433 de
857 3380 1014 3434 cancellario
1027 3380 1101 3434 ducis
1112 3379 1230 3434 defuncti

535 3478 561 3519 et
571 3464 682 3518 domino
695 3465 728 3519 de
741 3465 925 3519 Humhercourt.

249 3649 360 3717 Porro
388 3671 471 3718 cum
501 3647 601 3718 multi
616 3647 884 3718 aestimationem
906 3645 1078 3719 baberent
1092 3648 1191 3744 quod
1208 3649 1258 3720 illi

199 3757 286 3848 duo,
304 3761 367 3857 qui
383 3761 568 3856 legationis
578 3785 685 3834 causa
701 3785 821 3857 regem
836 3761 997 3834 adierant
1016 3777 1052 3833 et
1071 3764 1257 3860 primiores

199 3889 304 3973 atque
315 3877 484 3976 praecipui
496 3877 743 3949 intercaeteros
754 3877 975 3968 exstiterant,
994 3877 1158 3950 videlicet
1177 3904 1258 3951 can·

198 3991 360 4063 cellarius
379 3991 537 4064 defuncti
553 3992 655 4064 ducis
669 3994 787 4066 Caroli
805 4007 840 4063 et
851 3992 1019 4065 dominus
1032 3993 1256 4066 deHumber·

240 4196 269 4253 1.
292 4197 466 4252 Dominandi
479 4193 551 4263 dans
566 4195 592 4252 le
608 4213 662 4252 rns.
