2946 5070
588 506 697 566 unua
717 508 867 566 PRIMUS.
1202 508 1259 567 308

248 645 292 712 Et
308 656 419 730 certe,
442 655 575 712 attenta
597 642 708 736 gratia
725 633 833 736 quam
856 654 933 712 tum
953 662 1025 739 prae
1046 643 1179 713 eaeteris
1201 666 1262 715 au·

200 758 277 830 licis
293 757 388 857 apud
406 780 526 853 regem
542 756 746 847 invenerat,
765 760 821 845 et,
851 757 1022 828 universis
1042 756 1080 829 id
1096 768 1262 832 attestan-

199 872 315 961 tibus,
334 870 509 962 habebat,
526 873 555 943 si
578 897 620 942 ex
641 870 712 944 fide
739 886 775 942 et
791 870 944 943 fraterna
970 872 1133 963 caritate,
1154 886 1193 946 ut
1207 871 1264 946 vir

200 987 319 1060 bonus
333 1001 368 1059 et
381 990 603 1061 interventor
618 986 744 1077 fidelis,
766 1009 842 1059 rem
859 1001 1018 1060 nostram
1030 990 1168 1085 egisset,
1187 1014 1262 1064 non

201 1101 406 1176 dubitamus
429 1104 516 1200 quin
534 1103 626 1199 regis
640 1103 826 1193 animum,
854 1126 962 1199 quem
977 1105 1016 1174 in
1032 1104 1108 1176 aliis
1128 1106 1264 1178 incom·
1344 1122 1349 1137 ·

200 1218 405 1317 parabiliter
425 1232 460 1291 et
476 1216 671 1316 majoribus
691 1232 727 1290 et
746 1218 968 1315 gravioribus
986 1223 1136 1319 negotiis
1155 1223 1264 1296 emol-

199 1336 302 1409 lierat
329 1335 436 1409 etad
462 1335 770 1408 mansuetudinem
792 1334 999 1425 inflexerat,
1025 1338 1132 1409 etiam
1158 1338 1264 1413 nobis

199 1434 379 1551 placatum
395 1462 501 1551 atque
517 1450 735 1524 benevolum
757 1449 907 1523 reddere
934 1452 1125 1550 potuisset,
1156 1455 1264 1552 idque

201 1566 341 1642 ellicere
355 1580 395 1639 ut
405 1569 465 1640 tali
479 1568 602 1640 exsilio
618 1567 779 1640 mulctati
792 1568 939 1639 minime
956 1568 1152 1642 fuissemus.
1168 1575 1265 1645 Post·

201 1682 354 1781 modum
364 1682 463 1775 iero,
481 1683 652 1781 cumipse
667 1684 804 1778 majora
819 1682 939 1754 fuisset
950 1698 1141 1774 assecutus,
1154 1686 1265 1759 eccle·

202 1797 291 1873 siun
306 1799 439 1870 scilicet
460 1798 745 1894 andegavensem
766 1806 802 1870 et
827 1797 1065 1872 cardinalatus
1088 1801 1264 1898 fastigium

203 1914 461 2012 cumpluribus
476 1911 669 2021 pinguibus
681 1913 918 2005 commendis,
935 1915 1131 2014 altioraque
1146 1917 1265 1991 adbuc

201 2028 372 2123 ambiret,
400 2030 585 2102 ecclesiam
605 2043 786 2119 nostram,
807 2044 978 2128 tanquam
1001 2057 1152 2131 parvum
1176 2035 1262 2132 quid

202 2144 250 2217 ad
272 2167 373 2216 suam
391 2145 664 2217 exsaturandam
683 2145 915 2243 cupiditatem
935 2148 1146 2243 valiturum,
1174 2152 1263 2223 ulte·

204 2259 276 2331 rius
289 2284 356 2359 pro
373 2261 592 2360 seprosequi
608 2259 741 2331 destitit
752 2274 787 2331 et
802 2263 961 2333 cessavit.

253 2378 335 2447 Erat
368 2399 454 2447 vero
473 2389 568 2446 tum
598 2372 687 2446 alius
714 2375 854 2471 juvenis
889 2377 1044 2474 quidam,
1065 2378 1110 2450 de
1144 2393 1265 2454 nostra

203 2491 377 2563 oriundus
401 2492 563 2581 dioecesi,
595 2492 687 2562 inter
710 2491 826 2589 regios
850 2489 1015 2567 satellites
1039 2495 1087 2567 ad
1105 2498 1266 2595 corporis

205 2606 296 2701 regis
311 2606 458 2678 tutelam
477 2607 679 2705 deputatos,
695 2609 852 2706 parentis
864 2609 919 2680 sui
937 2611 1038 2709 impii
1054 2624 1090 2683 et
1107 2613 1266 2687 scelerati

206 2722 271 2792 viri
287 2723 444 2819 iniquior
452 2737 559 2819 atque
569 2723 723 2794 deterior
733 2724 881 2821 proles¹.
898 2725 1083 2797 lsfratrem
1092 2727 1263 2819 habebat,

205 2862 313 2938 quem
338 2832 582 2913 modico'ante
601 2855 763 2938 tempore
787 2841 955 2923 olerleum
970 2842 1188 2934 leceramus,
1206 2846 1266 2941 ju-

206 2980 334 3029 venem
359 2957 469 3029 ferme
492 2956 568 3028 sine
591 2956 735 3047 litteris,
760 2956 823 3029 sed
840 2958 913 3030 vita
934 2973 969 3029 et
990 2958 1150 3032 moribus
1175 2960 1266 3033 adeo

206 3096 270 3170 per
286 3072 409 3144 omnia
427 3071 596 3144 infamem
621 3084 727 3169 atque
743 3072 967 3165 dissolutum,
987 3072 1075 3144 dum
1098 3088 1180 3172 post
1201 3075 1267 3148 im·

206 3184 358 3285 puberes
374 3210 489 3260 annos
504 3202 539 3258 et
555 3189 709 3287 primam
729 3200 913 3260 tonsuram
931 3189 1128 3260 clericalem
1147 3191 1195 3263 ad
1214 3192 1266 3263 vi·

206 3302 308 3373 rilem
333 3317 521 3400 provectus
545 3300 665 3375 fuisset
683 3317 834 3395 aetatem,
864 3319 945 3376 uta
966 3305 1142 3402 plerisque
1169 3307 1266 3380 velut

206 3416 333 3490 stultus
347 3424 384 3490 et
406 3420 534 3491 mentis
557 3421 676 3519 impos
696 3420 802 3515 atqu'e
826 3419 970 3492 insanu's
994 3421 1262 3497 existimaretur.

208 3536 312 3606 Hunc
341 3535 527 3608 satellitem
553 3558 615 3607 rex
636 3535 862 3634 capitaneum
888 3535 934 3608 ad
958 3538 1107 3611 civitatis
1138 3550 1266 3612 nostrae

249 3780 278 3838 l‘.
301 3777 424 3859 Ils'eglt
440 3777 479 3838 ici
499 3776 535 3838 de
556 3778 665 3840 Robert
683 3780 720 3841 de
743 3784 917 3864 Musaeum,
936 3782 980 3842 fils
998 3780 1036 3843 de
1054 3784 1216 3846 Guillaume
1230 3787 1266 3847 de

208 3881 380 3954 liturnum,
394 3875 529 3956 seigneur
543 3875 583 3936 du
594 3877 884 3959 llont-de-la·Vigne‚
899 3896 1012 3937 mmme
1026 3898 1101 3939 nous
1116 3880 1266 3960 l’apprend

208 3976 250 4029 La
265 3969 413 4047 Chesnaye
430 3969 480 4028 des
500 3969 566 4028 Bois
587 3990 624 4028 en
645 3990 697 4030 son
711 3977 907 4029 Dictionnar're
922 3977 958 4030 de
973 3977 1002 4030 la
1015 3973 1147 4034 notasse.
1166 3980 1221 4034 Par
1239 3977 1266 4035 le

209 4063 275 4121 titre
295 4083 352 4141 que
368 4064 410 4122 lui
425 4062 522 4123 donne
543 4063 677 4139 l'auteur‚
698 4065 718 4123 il
737 4066 797 4124 faut
814 4065 954 4126 entendre
973 4067 1043 4145 qu’il
1063 4067 1155 4128 faisait
1173 4070 1266 4148 partie

209 4156 247 4215 de
261 4158 290 4215 la
302 4159 473 4238 compagnie
486 4157 536 4219 des
546 4172 612 4216 cent
623 4156 855 4238 gentilsbommes
869 4161 906 4221 de
918 4154 1019 4222 l’hlltel
1030 4159 1070 4221 du
1086 4161 1141 4241 roi,
1156 4165 1264 4227 ordon-

209 4251 262 4312 πός
274 4270 349 4331 pour
361 4252 390 4313 la
402 4252 490 4332 garde
506 4252 543 4313 de
558 4272 611 4313 son
623 4270 719 4332 corps.
