2946 5070
170 477 227 531 :rsa
607 475 810 547 moroan,

217 607 320 678 Aliud
342 610 448 679 etiam
465 609 502 677 in
524 607 729 703 hujusmodi
750 605 996 679 criminalibus
1016 605 1135 679 habet
1159 606 1249 703 ejus·

168 724 251 797 dem
266 728 387 824 patriae
400 725 636 815 consuetudo,
649 726 724 796 imo
739 726 855 797 verius
870 725 1078 824 perniciosa
1094 749 1248 822 corrup

169 841 259 930 tela,
279 867 353 912 non
375 842 494 912 minus
518 842 681 939 iniquum
701 865 810 938 quam
828 840 1059 940 praecedens,
1080 839 1250 911 videlicet

168 959 281 1056 quod,
299 984 381 1029 cum
397 959 432 1029 in
451 982 677 1054 quacumque
694 957 788 1029 civili
805 959 1014 1054 quaestione,
1028 957 1143 1027 etiam
1157 956 1250 1028 duo·

168 1100 250 1147 rum
269 1074 515 1166 denariorum,
541 1099 563 1144 a
582 1074 744 1170 quolibet
766 1075 973 1169 gravamine
995 1096 1066 1172 per
1084 1074 1249 1170 judicem

169 1192 267 1264 illato
285 1192 342 1263 vel
362 1191 513 1263 minimo
536 1191 643 1263 liceat
671 1192 867 1290 appellare,
888 1193 1248 1290 impetrata=tann1m

169 1335 276 1408 super
299 1309 372 1380 hoc
394 1308 510 1380 littera
536 1309 754 1381 cancellariae
775 1309 896 1406 regiae,
919 1332 1040 1406 quam-
1055 1339 1073 1375 a
1097 1308 1248 1380 dolean-

169 1427 256 1498 tiam
276 1453 291 1493 ι
312 1423 512 1522 appellant,
532 1439 568 1496 et
589 1449 663 1496 non
676 1424 797 1527 ‘modo
819 1424 946 1517 semel,
971 1425 1035 1496 sed
1062 1424 1249 1497 interdum

170 1539 367 1635 gradatim,
406 1539 605 1611 secundum
642 1539 976 1615 subordinationem
1008 1539 1184 1637 judicum
1215 1555 1249 1611 et

169 1657 363 1748 curiarum,
387 1656 495 1728 etiam
518 1657 708 1752 quinquies
731 1671 794 1729 aut
815 1656 925 1728 sexies
942 1683 951 1725 ε
970 1671 1097 1728 tamen
1123 1659 1164 1729 in
1181 1659 1249 1728 cri·

170 1773 293 1845 minali
307 1797 428 1864 causa,
451 1773 487 1844 in
509 1797 580 1869 qua
599 1773 643 1844 de
661 1773 818 1845 hominis
835 1773 908 1845 vita
924 1787 959 1844 et
980 1772 1098 1845 salute
1116 1776 1247 1871 agitur,

170 1914 238 1964 nec
262 1915 283 1962 a
306 1914 536 1987 quocumque
558 1891 763 1987 gravamine
788 1890 886 1961 illato
909 1904 991 1960 ante
1014 1888 1250 1962 diffinitivam

170 2033 235 2107 per
256 2007 416 2103 judicem
443 2006 662 2079 doleantiam
687 2007 882 2106 impetrari,
912 2031 978 2078 nec
1004 2030 1027 2079 a
1052 2007 1250 2081 diffinitiva

169 2125 345 2196 sententia
357 2123 528 2195 damnato
542 2123 720 2221 appellare
730 2124 821 2194 licet.
836 2122 944 2210 Quod
953 2146 1066 2219 quam
1080 2125 1250 2223 iniquum

170 2255 205 2311 et
232 2265 253 2312 a
274 2240 363 2335 juris
387 2240 589 2312 communis
605 2240 778 2335 equitate
804 2238 984 2310 diversum
1014 2241 1079 2334 sit,
1114 2259 1250 2314 norunt

170 2356 373 2452 omnesqui
387 2357 443 2427 vel
461 2371 606 2429 tenuem
625 2358 782 2454 aliquam
800 2356 936 2430 habent
949 2358 1043 2456 juris
1060 2362 1245 2458 peritiam.

171 2475 251 2544 Non
267 2471 365 2542 enim
379 2473 550 2544 damnato
565 2473 693 2544 ultimo
711 2473 887 2572 supplicio
904 2477 1166 2548 tantummodo
1184 2503 1248 2575 ap·

171 2587 302 2686 pellere
320 2586 531 2685 permissum
550 2601 615 2677 est,
639 2588 824 2659 sedetiam
843 2586 990 2658 cuilibet
1002 2614 1071 2686 pro
1086 2615 1153 2683 eo,
1172 2617 1246 2662 non

171 2705 288 2776 carnis
299 2705 525 2800 etsanguinis
539 2718 678 2775 tantum
694 2704 953 2777 necessitudine
960 2705 1107 2802 juncto,
1122 2733 1247 2779 verum

171 2820 277 2891 etiam
297 2818 443 2891 cuilibet
461 2835 643 2892 extraneo.
663 2823 759 2891 Inter
775 2845 901 2893 omnes
924 2845 1058 2920 nempe
1078 2822 1249 2894 homines

172 2939 339 3033 cognatio
352 2953 387 3009 et
399 2939 601 3009 communis
613 2936 777 3034 quaedam
789 2937 1012 3009 necessitudo
1028 2955 1084 3010 est
1098 2955 1247 3039 propter

173 3072 306 3129 naturae
331 3059 565 3148 consortium,
594 3081 636 3127 ex
657 3081 729 3152 qua
745 3045 933 3152 cujuslibet
957 3058 1133 3129 interesse
1154 3060 1248 3154 leges

172 3173 364 3245 voluerunt
390 3172 578 3245 hominem
614 3173 842 3243 innocentem
873 3198 948 3243 non
984 3173 1179 3264 damnari,
1214 3192 1246 3248 et

173 3304 319 3389 propter
337 3290 409 3360 hoc
426 3290 472 3361 ad
490 3289 746 3389 appellandum
768 3314 835 3388 pro
856 3289 1042 3379 damnato,
1062 3273 1174 3363 etiam
1198 3294 1248 3364 in·

173 3405 260 3492 vito,
281 3430 574 3502 unumquemque
592 3405 826 3477 decreverunt
849 3401 1000 3477 a'dmitti.
1023 3408 1126 3479 Unus
1150 3409 1247 3480 solus

174 3544 275 3592 casus
294 3533 460 3616 exceptus
476 3520 628 3612 videtur,
651 3520 713 3592 ubi
734 3546 815 3592 reus
831 3535 958 3620 sponte
978 3523 1116 3594 crimen
1136 3540 1189 3596 est
1210 3527 1245 3595 in

169 3635 250 3732 jure
275 3634 456 3706 consessus
483 3648 519 3705 et
542 3636 697 3730 legitime
726 3637 910 3708 convictus
939 3653 1047 3736 atque
1079 3641 1247 3737 legitimis

174 3752 391 3849 argumentis
408 3766 606 3849 superatus.

222 3874 340 3958 Quam
362 3869 568 3968 periculosae
586 3893 672 3940 vero
696 3871 767 3940 sint
792 3869 995 3967 hujusmodi
1013 3877 1247 3948 consuetudi·

174 4011 236 4058 nes
262 3988 505 4085 unusquisque
531 4000 650 4057 mente
671 4000 864 4060 retractans
881 3988 975 4086 apud
995 4014 1032 4060 se
1055 3990 1161 4062 facile
1185 4017 1248 4064 co·

174 4128 344 4198 gnoscere
366 4119 402 4177 et
426 4104 627 4176 discernere
647 4117 774 4199 potest.
801 4109 890 4175 Nam
911 4108 940 4177 si
964 4108 1031 4198 vir,
1050 4125 1247 4204 quantum·

174 4246 327 4319 cumque
347 4222 461 4316 justus
480 4237 514 4292 et
537 4222 723 4311 innocens,
745 4245 873 4292 exosus
890 4222 993 4294 luerit
1008 4224 1254 4323 alicui'jttdicl·
