2946 5070
183 453 241 509 88¹·
615 451 823 519 anomala,

182 584 231 657 ad
263 608 421 656 annuam
450 584 630 681 accipiunt
666 608 729 654 seu
760 580 976 654 conducunt
1010 581 1263 680 pensionem?

183 708 298 800 Atque
331 704 468 774 utinam
507 702 584 773 sola
609 701 685 772 haec
714 701 751 771 in
785 702 837 772 eis
866 698 1132 773 insufficientia
1160 713 1261 789 esset,

183 819 313 891 scilicet
340 818 541 914 ignorantia
562 817 665 915 juris.
696 814 895 888 Tolerabile
917 830 1013 888 esset
1037 816 1169 912 utique
1195 838 1264 886 ma·

183 933 282 1028 lum,
312 935 424 1007 modo
443 933 580 1007 bonam
604 949 639 1004 et
667 947 799 1004 rectam
822 957 891 1031 pro
914 957 983 1005 sua
1000 933 1165 1005 naturali
1181 958 1264 1031 pru·

184 1050 306 1124 dentia
325 1053 413 1149 juris
433 1050 576 1124 dicendi
591 1064 627 1121 et
643 1047 821 1122 statuendi
837 1064 1004 1145 gererent
1018 1049 1261 1121 voluntatem.

184 1170 288 1265 Atqui
311 1168 472 1265 prolecto
490 1168 719 1239 communius
739 1165 870 1240 accidit
889 1182 930 1238 ut
946 1192 991 1238 ex
1017 1167 1264 1263 iniquioribus

185 1282 231 1355 de
252 1284 357 1355 lsrael
383 1283 593 1380 iniquissimi
617 1282 663 1354 ad
688 1283 771 1354 talia
797 1280 917 1353 officia
940 1282 1153 1353 eleventur.
1179 1286 1260 1373 Nec,

185 1400 253 1472 nisi
280 1425 364 1472 cum
386 1398 613 1493 difficultate,
642 1399 744 1472 aliter
768 1399 978 1494 contingere
1008 1413 1157 1497 potest,
1184 1423 1263 1468 curn

185 1540 260 1588 non
277 1515 365 1587 alias
388 1541 498 1613 quam
526 1516 574 1588 ad
598 1517 803 1588 auctionem
825 1530 862 1585 et
875 1513 945 1586 snb
974 1514 1123 1587 tributo
1139 1540 1264 1588 annnae

184 1633 368 1730 pensionis
389 1632 640 1705 arrendentur.
662 1630 772 1720 Quod
797 1655 880 1702 cum
915 1629 1122 1702 virbonus
1143 1648 1178 1702 et
1194 1633 1264 1727 jus·

185 1749 267 1820 titiae
288 1750 420 1821 relator
449 1751 600 1848 quisque
620 1748 812 1821 exhorrere
836 1762 871 1818 et
897 1750 1084 1846 exsecrari
1113 1748 1261 1835 debeat,

185 1878 226 1936 ut
242 1865 290 1938 ad
306 1865 548 1962 iniquissimos
562 1866 742 1957 homines,
761 1862 888 1961 praedae
907 1879 943 1934 et
968 1865 1192 1962 rapinarum
1209 1890 1264 1935 re-

186 1997 330 2055 natores
353 1998 461 2081 atque
481 1982 655 2082 cupidos,
679 1982 889 2081 perveniant
903 1996 1067 2080 oportet.

555 2327 814 2396 carnutum
837 2327 882 2393 Χ.

246 2516 287 2568 De
300 2514 404 2585 vulgari
414 2515 531 2568 clamore
542 2514 578 2568 de
589 2516 676 2584 lanu,
689 2530 717 2570 et
730 2530 796 2571 statu
807 2515 1002 2571 advocatorum
1015 2520 1204 2575 noemmin.

234 2714 398 2798 Quantos
413 2735 498 2781 vero
525 2723 560 2781 et
580 2723 716 2806 quanta
735 2709 900 2782 facilitate
924 2709 1047 2781 litium
1072 2715 1260 2810 voragines

184 2841 221 2898 et
247 2825 546 2899 inextricabilium
568 2826 732 2898 cumulos
747 2827 984 2922 questionum
1003 2829 1176 2926 quotidie
1189 2855 1259 2900 sus

184 2946 268 3016 citet
284 2961 318 3016 ct
331 2946 460 3017 exoriri
479 2944 582 3016 saciat
596 2945 749 3039 vulgaris
772 2958 809 3016 et
832 2959 1012 3036 assuetus,
1044 2948 1172 3017 nescio
1193 2970 1258 3042 qua

185 3061 343 3156 primum
382 3074 525 3131 exortus
553 3057 719 3131 barbarie
729 3061 752 3150 ¹,
786 3058 922 3130 clamor
947 3059 1008 3130 ille
1046 3061 1095 3131 de
1123 3061 1256 3147 haran,

185 3199 294 3246 nemo
312 3188 366 3247 est
390 3177 452 3272 qui
475 3174 691 3246 sufficienter
708 3174 837 3246 referre
853 3175 984 3273 possit3
1006 3176 1054 3248 de
1072 3202 1154 3275 qno
1172 3180 1199 3248 si
1215 3177 1258 3247 ad

183 3289 333 3386 plenum
363 3288 473 3363 nobis
494 3289 690 3363 dicendum
719 3303 833 3379 esset,
859 3305 896 3361 et
924 3315 1054 3363 omnes
1082 3292 1257 3365 referendi

184 3402 335 3497 abusam,
352 3406 478 3479 omnia
493 3406 612 3478 litium
634 3406 838 3496 involucra,
864 3404 989 3481 omn‘n
1013 3409 1156 3482 damna
1179 3410 1258 3482 inde

183 3518 318 3593 accolis
345 3520 468 3619 palm
497 3524 748 3621 provenientia
778 3522 989 3617 retexenda,
1022 3550 1105 3621 quae
1137 3528 1257 3598 dietim

184 3659 228 3709 ac
256 3636 390 3735 passim
410 3634 548 3737 ubique
576 3665 641 3739 per
666 3655 779 3711 totam
810 3641 1038 3738 provinciam
1065 3643 1153 3714 inde
1177 3669 1257 3741 pro·

184 3754 307 3825 venire
332 3752 616 3853 conspiciuntur,
638 3779 705 3826 nec
731 3781 799 3826 nos
817 3754 863 3826 ad
892 3755 965 3827 hoc
987 3756 1171 3846 sufficere,
1196 3784 1259 3831 nec

184 3895 423 3968 quemquam,
456 3872 522 3943 nisi
553 3896 686 3967 magno
724 3871 879 3970 desuper
914 3873 1014 3945 edito
1049 3875 1256 3967 volumine,

227 4120 255 4175 t.
277 4117 323 4172 On
337 4118 411 4172 u’est
425 4133 476 4192 pas
491 4113 558 4192 plns
577 4114 687 4172 aranee
709 4114 897 4174 maintenant.
915 4115 987 4175 l'oir
1005 4116 1033 4177 le
1051 4119 1204 4180 Glossaire
1224 4121 1261 4180 de

183 4211 231 4266 nu
243 4210 339 4289 Gange
352 4228 411 4267 aux
427 4221 500 4267 mots
512 4213 613 4286 [lump
622 4220 652 4267 et
665 4214 792 4287 Ηωυερ.
