2946 5070
495 540 498 550 .
555 511 690 569 ‘LIBER
723 511 914 570 sumnus.
956 504 967 531 ³
1221 519 1278 576 165

210 640 540 743 dumadimplerit,
559 645 642 717 satis
663 660 828 719 constare
852 646 1045 744 unicnique
1062 656 1192 746 potest,
1216 654 1278 747 qui

208 772 400 833 tractatum
424 749 566 834 foederis
585 760 679 833 inter
697 775 792 841 sect
812 760 980 834 eumdem
996 765 1277 866 nextmitianum

208 874 341 971 tegere
358 877 559 978 curaverit,⁴
574 901 639 975 per
658 900 766 976 quem
793 902 955 978 expresse
975 878 1122 952 cosdem
1144 883 1279 979 Trajec·

208 1005 326 1066 tenses
341 994 515 1088 excludit,
534 1010 640 1093 atque
660 994 829 1068 adversus
844 1020 908 1068 cos
925 1011 961 1067 et
982 996 1112 1069 ducem
1137 999 1277 1072 Cliven-

206 1133 284 1182 sem
298 1113 541 1185 Maximiliano
558 1112 797 1211 praestiturum
810 1113 940 1186 auxilia
958 1138 996 1186 se
1011 1115 1198 1212 promittit.

256 1230 353 1298 Dum
371 1252 457 1300 vero
482 1227 579 1300 idem
594 1229 856 1301 Maximilianus
873 1228 993 1302 adhuc
1009 1245 1124 1303 castra
1141 1245 1277 1305 teneret

204 1357 290 1415 ante
303 1343 444 1417 dictam
465 1345 726 1442 Traiectensem
747 1345 939 1439 civitatem,
965 1371 1131 1444 eamque,
1151 1349 1204 1420 uti
1222 1374 1276 1421 rc-

261 1459 371 1549 ‘mus,
406 1458 597 1533 obsidione
628 1463 903 1557 constringeret,
935 1462 1084 1563 contigit
1108 1464 1275 1537 eumdem

285 1578 442 1671 ovinum,
456 1582 677 1651 Francorum
692 1593 779 1651 tunc
796 1602 928 1675 regem,
940 1579 1009 1652 hac
1021 1579 1178 1652 instabili
1193 1581 1273 1653 luce

319 1718 356 1766 re
373 1692 431 1767 die
448 1721 534 1767 xxnr
552 1697 683 1775 mensis
697 1695 865 1791 augusti¹‚
884 1694 981 1768 anno
998 1696 1144 1794 praelato
1161 1697 1274 1769 domi·

317 1811 574 1885 'noarnationis
595 1814 876 1886 uccccuxxxnrl.
905 1813 976 1900 Qui
1000 1837 1073 1911 prae
1075 1812 1139 1883 luit
1162 1838 1273 1911 regno

359 1929 460 2024 iginii
474 1928 581 2021 duos,
606 1952 766 2060 mensem
780 1952 907 2021 unum,
927 1927 1004 2060 dies
1017 1929 1157 2000 circiter
1173 1943 1269 2022 octo,

448 2160 577 2259 procul
596 2093 716 2233 dnbio
734 2160 917 2252 omnibus,
937 2184 1011 2231 non
1029 2099 1148 2233 'modo
1170 2161 1270 2255 regni

465 2277 654 2410 durissima
669 2278 836 2349 servitute
849 2292 885 2348 et
901 2277 1050 2348 immani
1064 2266 1194 2372 jugiter
1207 2300 1269 2374 op-

565 3330 822 3401 clpl'tututu
846 3332 905 3399 lx.
1018 3384 1024 3391 .

491 3526 575 3562 mouae
587 3504 706 3581 ejusdem
718 3506 847 3561 Ludovici
859 3520 885 3560 ct
897 3504 931 3560 de
941 3505 1019 3561 variis
1036 3508 1229 3561 venationibus.

251 3674 304 3741 Dc
382 3669 481 3740 ribus
506 3683 624 3741 autem
646 3685 682 3740 et
702 3667 970 3742 conditionibus
993 3676 1068 3766 ejus
1084 3670 1147 3740 etsi
1163 3670 1265 3767 plura

200 3809 308 3883 supra
329 3786 525 3877 retulimus,
552 3811 626 3858 non
647 3801 767 3857 tamen
784 3785 926 3856 videtur
942 3783 1134 3878 absonum,
1153 3787 1180 3856 si
1199 3787 1267 3857 ulia

242 3997 271 4052 l.
294 3995 348 4052 lrls.
366 3999 430 4053 levi.

240 4088 272 4148 2.
294 4039 437 4145 Iutrislll
451 4059 567 4145 rirourut
580 4086 608 4144 le
622 4089 660 4145 30
673 4091 763 4158 aurit,
783 4089 799 4145 ti
815 4088 887 4146 neus
898 4087 1002 4147 heures
1016 4088 1054 4146 du
1068 4089 1137 4148 soir.

240 4183 271 4238 3.
293 4179 336 4237 lci
348 4181 465 4237 s'arrdte
477 4179 600 4238 l'extrait
614 4180 713 4258 publii·
728 4201 781 4260 par
794 4181 955 4241 Mutthaeus.

236 4277 267 4332 b.
293 4277 421 4348 Quarum
435 4273 506 4331 dans
520 4274 547 4330 le
562 4293 616 4329 rus.
