2946 5070
223 519 282 576 {30
495 515 751 611 lllsl'ORIARUM
772 515 949 572 Lunovtct
969 516 1014 571 xt

538 893 687 972 LIBER
720 891 981 970 surmus,

484 1376 777 1454 crrrrutuu
813 1352 1027 1444 erilium.

223 1567 262 1618 De
272 1563 360 1617 letitia
372 1581 467 1634 magna
480 1563 507 1615 in
524 1563 658 1632 utriusque
670 1559 827 1615 obedientia
834 1562 952 1633 populis,
965 1578 1030 1634 pace
1042 1562 1112 1620 laetu
1123 1561 1286 1633 interregem

258 1664 284 1702 et
294 1647 388 1701 ducem
401 1647 613 1700 Maximilianum
626 1669 632 1711 ;
646 1659 671 1699 et
682 1645 820 1717 quomodo
834 1647 888 1699 filia
899 1645 1018 1718 ejusdem
1029 1645 1106 1700 ducis
1117 1645 1287 1719 adspersum

261 1753 339 1786 suum
352 1734 379 1786 in
388 1733 527 1785 Franciam'
539 1730 653 1784 deducta
666 1731 725 1784 fuit.

273 1908 363 1977 Pace
384 1904 503 1999 itaque
524 1903 619 1974 inter
641 1903 864 1975 ludovicum
883 1928 1003 1999 regem
1023 1918 1060 1975 et
1082 1904 1288 1976 Maximilla·

223 2048 311 2094 num
329 2021 476 2118 ejusque
491 2019 644 2106 liberos,
668 2035 792 2111 terras,
812 2020 976 2093 dominia
993 2035 1027 2090 et
1045 2019 1211 2093 subditos
1232 2020 1289 2091 fir-

225 2153 337 2228 mata,
366 2163 450 2209 cum
477 2134 669 2209 hincinde
693 2135 740 2209 ab
762 2138 870 2208 armis
895 2137 1149 2234 quiesceretur‚
1170 2138 1289 2232 ingens

223 2254 343 2327 laetitia
358 2252 578 2351 populorum
597 2253 781 2349 utriusque
803 2252 1016 2324 obedientiae
1032 2251 1290 2348 ambarumque

225 2394 245 2439 e
275 2370 421 2464 vestigio
448 2369 602 2466 partium
629 2384 750 2440 secuta
775 2383 839 2440 est.
870 2373 960 2440 Nam
986 2368 1291 2464 quemadmodum

224 2485 350 2584 populi
367 2485 522 2582 partium
547 2483 648 2555 ducis
664 2484 895 2556 Maximiliani
908 2482 972 2556 diu
987 2483 1055 2556 sub
1073 2486 1183 2557 anxio
1200 2500 1291 2556 metu

226 2599 410 2696 multoque
437 2623 571 2696 pavore
595 2613 701 2693 atque
732 2598 922 2671 formidine
947 2600 1199 2694 elanguerant,
1226 2601 1292 2672 lue·

227 2731 379 2814 rantque
402 2715 627 2811 vectigalium
650 2730 685 2785 et
708 2715 938 2787 collectarum
966 2740 1076 2787 onere
1102 2717 1292 2813 plurimum

229 2833 384 2930 gravati,
404 2830 621 2904 commercia
638 2853 784 2926 quoque
813 2833 950 2925 quaein
973 2831 1041 2902 illis
1065 2833 1169 2904 terris
1199 2833 1293 2904 Flan-

230 2949 389 3021 driarum
408 2964 501 3020 terra
523 2947 683 3042 marique
704 2946 749 3017 de
773 2962 850 3019 toto
868 2972 969 3044 paene
993 2947 1190 3021 christiano
1210 2947 1291 3020 orbe

232 3065 450 3162 permaxime
480 3063 636 3134 exerceri
661 3063 798 3155 solent,
826 3063 991 3136 halecum
1019 3065 1129 3136 etiam
1153 3078 1292 3136 caetero·

233 3205 384 3276 rumque
398 3180 550 3278 piscium
564 3179 790 3278 piscationes,
803 3179 999 3252 lanificium
1007 3194 1206 3278 caeteraque
1219 3181 1294 3253 arti·

235 3296 342 3367 ficum
359 3320 469 3393 opera
480 3293 631 3391 (quibus
646 3320 690 3368 ex
706 3294 812 3367 rebus
829 3296 954 3394 populi
968 3311 1144 3369 terrarum
1156 3298 1291 3370 illarum

154 3432 159 3439 ·
236 3412 394 3484 victitare
419 3426 455 3481 et
476 3435 624 3507 magnas
648 3436 735 3509 opes
756 3435 912 3507 quaerere
933 3415 1219 3511 consueverunt)
1236 3415 1293 3486 im·

235 3528 373 3598 minuta
406 3527 600 3624 plurimum
631 3541 666 3598 et
692 3527 768 3621 jam
797 3553 910 3626 prope
943 3529 1040 3600 nulla
1070 3530 1292 3618 exsisterent,

235 3645 436 3742 priscorum
471 3644 627 3716 felicium
659 3658 863 3742 temporum
891 3646 1194 3744 comparatione:
1226 3670 1294 3718 nou

238 3762 357 3831 minus
371 3760 479 3832 etiam
494 3759 628 3832 subditi
645 3761 736 3857 regis
753 3759 799 3832 ab
817 3761 914 3858 ipsc,
931 3761 998 3834 sub
1017 3776 1188 3860 praetextu
1202 3785 1294 3857 guer-

235 3901 376 3966 rarum,
406 3875 537 3947 militiae
556 3877 661 3948 simul
688 3892 724 3948 et
745 3875 960 3949 tributorum
976 3876 1148 3950 oneribus
1164 3878 1294 3950 fuerant

237 3995 368 4064 mirum
390 3993 429 4064 in
451 3991 603 4064 modum
631 3995 803 4090 oppressi.
829 3998 919 4066 Nam
944 3994 1057 4067 tallias
1076 4008 1113 4066 et
1137 3994 1293 4066 collectas

237 4133 343 4207 super
357 4109 505 4180 miseros
524 4110 722 4202 regnicolas
743 4109 789 4182 ad
812 4135 989 4183 summam
1006 4135 1145 4206 usque,
1170 4109 1292 4208 quain

235 4225 342 4322 triplo
377 4224 562 4298 excederet
594 4249 675 4297 eam
707 4250 816 4322 quam
850 4251 1012 4324 unquam
1044 4251 1132 4298 suus
1163 4227 1293 4325 genitor
