2946 5070
197 484 256 542 seo
631 472 841 545 molstum,

198 614 319 689 eunda
335 610 577 699 ducebamus,
599 622 663 699 ut,
679 608 710 681 si
725 606 847 681 (lirim
864 608 1082 683 concederet
1093 608 1263 709 dignatio,

201 732 331 833 prioris
347 728 520 827 temporis
542 726 790 825 negligentias,
806 748 881 821 quo
893 748 906 818 ,·
920 726 997 823 jam
1012 726 1051 797 in
1066 725 1198 799 eadem
1212 752 1266 799 ec·

201 848 311 923 clesia
335 844 565 921 residentiam
601 842 711 917 ferme
738 844 910 915 continue
941 830 1129 936 iacientes,
1159 845 1268 943 ipsam

201 988 290 1039 xrur
305 962 410 1039 annis
433 984 657 1055 reseramus,
676 960 909 1060 propensiore
929 974 1037 1057 atque
1051 960 1268 1055 vigilantiore

202 1106 291 1157 cura
309 1080 575 1179 detergeremus
595 1092 704 1175 atque
721 1076 1006 1150 emendaremus.
1033 1082 1164 1175 Magna
1189 1102 1270 1177 pro-

204 1199 298 1272 lecto
313 1222 377 1297 spe
394 1198 433 1269 in
449 1196 609 1271 Domino
631 1194 845 1289 ferebamur,
863 1195 893 1267 si
911 1195 974 1267 illo
988 1194 1096 1267 uobis
1104 1197 1271 1294 quemad·

205 1312 358 1387 modum
373 1324 543 1411 perantes
558 1308 714 1383 residere
728 1308 918 1407 tranquille
935 1309 1114 1402 licuisset,
1135 1310 1181 1382 de
1198 1326 1271 1384 tan·

207 1431 283 1504 tillo
308 1442 415 1527 atque
435 1428 564 1527 exiguo
588 1426 716 1501 crediti
731 1440 769 1501 et
782 1425 964 1499 commissi
984 1425 1092 1499 nobis
1110 1428 1232 1498 talenti
1252 1454 1272 1501 a

206 1544 366 1619 Domino
386 1542 536 1617 solerter
550 1542 738 1641 negotiari,
753 1556 813 1631 ut,
824 1566 909 1615 cum
922 1538 1071 1613 rationis
1084 1540 1273 1613 reddenda

209 1659 307 1765 apud
315 1662 516 1735 districtum
528 1658 1272 1759 Judioemtempusadvenerit,ipsumcnm

207 1778 358 1877 alicujus
378 1780 470 1853 lucri
488 1777 709 1851 incremento
727 1792 967 1879 reportantes,
990 1776 1038 1849 de
1055 1776 1128 1848 fide
1146 1792 1181 1849 et
1201 1777 1275 1850 dili·

209 1895 329 1993 gontia
354 1894 593 1997 potuissemus
612 1894 873 1969 commendari.
898 1894 950 1966 td
972 1894 1045 1966 lroc
1066 1895 1166 1966 enim
1189 1922 1273 1995 prae·

209 2012 316 2111 cipue
326 2024 362 2085 et
375 2010 551 2084 librorum
564 2010 813 2104 instrumenta,
827 2024 863 2082 et
872 2025 996 2082 caetera
1010 2010 1058 2082 ad
1071 2008 1275 2106 hujusmodi

209 2127 489 2225 negotiationem
505 2151 572 2225 pro
586 2125 736 2199 modulo
752 2127 883 2199 virium
897 2151 1024 2225 parare
1049 2127 1190 2199 solliciti
1209 2127 1276 2198 lue·

212 2266 344 2317 ramus.
367 2243 661 2338 Verebamurque
681 2246 834 2315 maxime
859 2258 895 2315 et
914 2243 1058 2316 acribus
1083 2245 1169 2315 satis
1193 2268 1275 2314 cou-

211 2358 366 2431 scientiae
390 2361 540 2433 stimulis
563 2358 823 2459 pungebamur,
845 2384 890 2431 ne
908 2360 1014 2432 nobis
1036 2357 1083 2431 ad
1113 2383 1275 2454 maguam

213 2475 448 2573 imputaretur
466 2476 579 2575 culpae
598 2478 791 2570 sarcinam,
810 2477 891 2566 nisi,
911 2475 995 2548 fidei
1017 2475 1144 2548 talium
1169 2474 1276 2547 aboli-

213 2591 354 2663 tionum
375 2591 545 2666 audacter
567 2617 634 2665 nos
654 2593 916 2665 committentes
932 2594 1025 2689 (quse
1042 2592 1276 2688 indulgentia·

212 2732 293 2778 rum
319 2722 355 2779 et
379 2710 607 2780 securitatum
632 2707 782 2779 sormam
810 2708 1052 2807 plenissimam
1085 2707 1277 2805 praetende.-

212 2822 328 2919 baut),
358 2824 458 2920 quod
483 2825 519 2893 in
537 2822 643 2899 nobis
670 2848 745 2895 esse
767 2838 924 2922 poterat,
953 2824 999 2896 de
1024 2822 1212 2896 redeundo
1235 2824 1276 2896 ad

213 2939 397 3010 ecclesiam
429 2954 467 3011 et.
488 2938 665 3037 pastorale
696 2940 904 3011 exercitium
936 2954 1107 3012 conatum
1135 2964 1277 3011 omnem

214 3067 321 3149 atque
344 3053 507 3127 debitum
531 3069 693 3126 nostrum
718 3055 926 3127 laceremus.

263 3170 325 3240 His
353 3171 457 3265 igitur
483 3196 526 3242 ex
555 3172 670 3242 causis
704 3170 868 3263 adducti,
903 3172 939 3243 in
969 3173 1130 3243 Domino
1165 3171 1278 3269 potius

216 3306 325 3379 quam
334 3285 369 3355 iu
383 3286 542 3357 mortalis
554 3286 726 3384 principis
735 3285 1032 3385 promissionibus
1043 3285 1276 3379 confidentes,

215 3424 387 3496 spemque
411 3416 523 3474 totam
549 3405 585 3474 iu
614 3428 697 3474 eum
722 3418 956 3503 reponentes,
986 3405 1023 3475 iu
1053 3404 1208 3502 patriam
1231 3428 1280 3474 re·

215 3514 365 3607 diimus,
401 3532 436 3588 et
459 3517 526 3589 sub
552 3519 643 3614 regis
673 3519 846 3592 ditionem
871 3545 915 3591 ex
943 3519 1136 3593 Brabautia
1163 3521 1279 3593 denuo

215 3631 461 3725 migravimus,
480 3633 592 3705 libros
612 3636 720 3707 etiam
745 3651 852 3733 atque
877 3636 1178 3735 suppellectilem,
1204 3662 1280 3733 ‹prae

217 3746 322 3818 uobis
346 3749 468 3821 relicta
490 3774 565 3821 esse
590 3765 802 3849 potuerant,
822 3753 927 3824 simul
952 3752 1121 3825 iacientes
1138 3754 1277 3826 deferri.

218 3867 306 3935 Nam
327 3889 456 3961 magna
472 3890 571 3964 pars,
596 3867 701 3958 dum,
732 3870 835 3967 pulso
854 3893 1024 3965 germano
1041 3893 1108 3941 suo
1126 3869 1174 3942 de
1194 3874 1280 3941 Nor·

216 3976 384 4066 nranuia,
411 3978 633 4073 provinciam
652 4004 713 4050 rex
732 3994 991 4079 occupaverat,
1014 3995 1169 4051 cesserat
1193 3980 1281 4051 mili·

215 4087 311 4159 tibus
325 4090 361 4160 iu
379 4092 554 4188 praedam,
571 4107 604 4163 et
623 4095 876 4192 temporalium
900 4109 1119 4193 proventus,
1143 4096 1182 4165 in
1200 4096 1282 4191 qui-

215 4200 284 4275 bus
293 4207 634 4304 precipuaecelesiae
652 4208 720 4280 dos
736 4211 909 4303 consistit,
923 4211 969 4283 ad
982 4234 1133 4283 manum
1149 4212 1281 4305 regiam
