2946 5070
130 482 139 495 '
223 512 228 525 ·
312 448 334 549 s
540 492 818 554 nnmsrxrus.
1147 497 1206 553 ιιι

110 620 284 731 ἴψαο
303 636 446 725 ponet,
467 622 566 725 apud
592 622 760 697 eumdem
785 624 992 721 episcopum
1008 623 1203 716 institisset,

100 734 214 859 μ
226 736 377 817 minime
393 738 433 813 in
446 736 520 814 boc
538 762 645 815 suum
668 736 883 813 desiderium
903 736 950 810 ab
973 764 1018 810 eo
1038 741 1208 837 potuisset

100 840 334 961 ψη,
350 850 400 929 ed
413 852 584 929 eumdem
603 876 723 949 regem
744 853 936 947 confugere
952 854 1084 945 statuit,
1106 855 1209 952 polli-

101 998 111 1017 *·
135 980 259 1093 Ψ,
273 968 307 1053 οἱ
322 970 358 1043 ci
379 982 499 1067 certus
515 970 705 1045 satellitum
721 993 891 1043 numerus
908 971 1117 1059 traderetur,
1141 971 1208 1045 sibi

105 1112 112 1121 ·
137 1094 287 1183 ΜΝ
306 1086 476 1161 exercitui
494 1111 560 1187 per
582 1101 692 1159 terras
710 1085 921 1158 leodienses
944 1087 1010 1158 iter
1031 1087 1131 1159 facile
1152 1088 1208 1159 vel

103 1256 123 1309 ,t
142 1190 470 1297 multandum,
498 1200 556 1275 tel
578 1201 673 1293 clio,
702 1227 776 1300 quo
808 1201 1010 1274 faciendum
1040 1203 1205 1294 duceret,

288 1371 299 1388 .
321 1320 404 1406 Qun
424 1316 679 1416 pollicitatione
700 1318 834 1391 excitus
857 1342 915 1388 rex
935 1332 971 1388 et
996 1343 1204 1416 persuasus,

208 1512 217 1535 Ι,
284 1432 468 1507 willelmo
493 1432 648 1530 aliquam
674 1433 828 1505 militum
854 1457 1021 1527 suorum,
1046 1435 1208 1530 exiguam

100 1532 455 1641 'immersum
468 1548 714 1622 contradidit¹.

105 1672 120 1687 ‘'
167 1684 176 1765 ζ
187 1664 287 1739 Cum
303 1688 348 1739 ea
359 1679 481 1738 autem
496 1684 656 1737 reversus
673 1664 710 1734 in
727 1664 895 1762 patriam,
915 1664 960 1735 de
977 1663 1127 1743 domino
1142 1689 1208 1738 suo

143 1774 316 1880 episcopo
340 1804 379 1855 se
400 1781 548 1880 cupiens
571 1779 775 1867 vindicare,
805 1793 950 1877 repente
976 1794 1011 1850 et
1034 1781 1209 1878 insperate

144 1895 325 1971 (ivitatem
341 1898 537 1987 leodium,
554 1895 593 1968 ln
617 1919 689 1991 qua
711 1909 797 1966 tunc
814 1894 910 1965 idem
934 1895 1111 1968 residebat
1138 1898 1210 1996 epi·

144 2016 304 2113 coopttrt',
316 1996 463 2113 stipatus
478 2013 550 2085 suis
566 2011 703 2084 auxiliis
718 2010 763 2083 ad
778 2036 982 2104 numerum,
997 2027 1038 2084 ut
1049 2013 1206 2104 aiebant,

145 2129 241 2202 cirea
271 2130 368 2204 mille
394 2147 430 2203 et
454 2130 730 2228 quingentorum
757 2127 936 2220 viromm,
963 2127 1110 2201 adortus
1141 2145 1205 2202 est.

145 2244 256 2341 Cujus
285 2244 460 2318 adventus
473 2245 649 2326 ‘novitate
675 2243 859 2314 exterritus
886 2243 1094 2341 episcopus,
1126 2269 1208 2318 cum

146 2361 314 2433 nuntium
336 2361 528 2460 accepisset
553 2359 652 2457 quod
669 2360 745 2456 jam
772 2383 847 2430 non
873 2360 998 2457 procul
1023 2383 1044 2430 a
1069 2361 1209 2433 civitate

146 2474 307 2571 abesset,
334 2477 409 2574 ejus
435 2479 608 2576 impetum
636 2476 743 2547 armis
766 2473 929 2547 inhibere
962 2489 1069 2572 atque
1101 2478 1210 2574 repri-

146 2614 244 2666 rnere
263 2606 317 2665 est
335 2608 505 2683 conatus,
529 2590 783 2686 mandavitque
799 2589 937 2662 civibus
955 2591 1028 2662 suis
1046 2604 1082 2661 et
1097 2593 1210 2688 magi·

146 2707 313 2781 stratibus
328 2708 452 2806 populi
468 2763 478 2798 ,
497 2731 587 2804 quos
600 2705 891 2801 burgimagistros
907 2707 1108 2804 appellant,
1125 2731 1210 2804 qua·

146 2836 250 2895 tenus
275 2849 339 2923 per
366 2838 498 2895 turmas
521 2846 602 2895 suas
624 2820 691 2894 sub
717 2820 852 2892 vexillis
874 2818 1104 2893 artificiorum
1129 2848 1210 2895 suo·

146 2964 250 3031 rum,
273 2940 325 3010 uti
347 2940 385 3010 in
410 2936 658 3035 hujuscemodi
685 2935 770 3008 belli
794 2934 1004 3009 tumultibus
1028 2938 1205 3032 assolent,

146 3079 221 3127 sese
244 3054 468 3150 colligerent,
499 3053 603 3150 eique
624 3051 751 3123 armati
777 3051 1003 3126 associarent.
1030 3052 1100 3124 Sed
1125 3078 1208 3125 cum

146 3168 264 3242 eidem
279 3170 448 3268 episcopo
469 3191 490 3239 a
512 3166 661 3240 diversis
676 3165 900 3238 nuntiaretur
912 3167 988 3262 jam
1005 3166 1125 3240 hostes
1141 3170 1208 3240 im·

147 3286 284 3360 minere
308 3300 344 3358 et
367 3286 509 3358 concito
533 3308 654 3380 gressu
676 3282 723 3354 ad
744 3282 1016 3379 irrumpendum
1030 3284 1208 3357 civitatem

147 3400 331 3496 festinare,
357 3401 560 3473 existimans
584 3424 646 3490 se,
669 3397 732 3469 ubi
757 3397 995 3492 egrederetur,
1021 3400 1137 3472 statim
1159 3402 1207 3472 ci·

187 3586 217 3642 l.
239 3608 251 3634 ι
267 3582 310 3640 lle
324 3599 392 3659 scay
405 3580 448 3638 s’il
463 3577 626 3638 descoutrit
643 3597 676 3634 sa
693 3576 849 3635 maulvaise
866 3577 982 3635 volente
995 3597 1032 3636 au
1049 3598 1103 3656 roy
1118 3585 1206 3657 loys,

146 3693 197 3734 cnr
217 3674 239 3733 il
256 3693 295 3733 ne
311 3674 352 3732 lui
368 3673 451 3730 voult
469 3670 605 3731 accorder
622 3670 759 3728 aulcunes
777 3690 846 3748 gens
867 3669 903 3727 de
923 3689 968 3727 ses
989 3662 1206 3746 ordonnances3

147 3768 218 3826 mais
235 3767 254 3825 il
276 3766 410 3826 cucillae
427 3764 568 3823 l'environ
589 3763 625 3821 de
639 3762 717 3821 Paris
732 3776 759 3820 et
776 3763 890 3822 ailleurs
904 3764 1024 3822 aulcuns
1038 3767 1207 3842 gendanue-

147 3859 247 3920 rcaulx
263 3861 320 3920 mal
340 3859 498 3938 empoinct,
518 3878 554 3917 en
575 3855 697 3915 nombre
718 3855 754 3915 de
775 3871 878 3934 quatre
896 3875 964 3915 cens
984 3857 1157 3933 chevaliers,
1180 3875 1208 3920 et

146 3956 267 4015 culcuns
288 3954 400 4034 pietons
423 3967 453 4011 et
473 3964 636 4034 pagenstres
658 3951 716 4010 mal
734 3948 875 4024 habillez,
898 3950 948 4028 qui
968 3950 996 4008 le
1009 3941 1171 4028 suyv‹›ient.
1192 3981 1205 4006 e

146 4048 280 4120 llolinet,
295 4062 317 4109 t.
332 4051 378 4119 11,
390 4046 475 4126 chap.
490 4065 634 4106 nxxxvrrr.

187 4143 217 4200 2.
240 4140 384 4216 L’eveque
407 4139 474 4197 etait
501 4141 517 4195 a
540 4141 623 4214 Huy;
642 4135 714 4195 mais
730 4135 751 4194 il
769 4155 800 4194 se
823 4135 917 4195 rendit
936 4140 953 4195 a
974 4138 1061 4217 Liige
1079 4138 1207 4218 lorsqu’il

148 4232 241 4310 apprit
254 4231 386 4290 l‘arrivee
398 4229 435 4289 de
448 4230 609 4290 Guillaume
622 4228 659 4287 de
671 4231 713 4287 La
725 4230 833 4290 naret.

267 4345 304 4383 ιιι
1029 4325 1047 4381 8
