2946 5070
214 446 272 502 336
632 443 841 514 apotome,

213 603 307 666 care,
321 591 446 648 contra
459 574 575 670 legem
591 599 675 646 eum
689 575 776 645 caedi
790 573 953 670 jubebat,
967 600 1157 648 summum
1173 602 1280 649 sacer·

213 694 333 766 dotem
349 707 384 763 et
402 692 526 790 populi
542 691 739 789 principem
764 690 956 784 nesciebat,
975 717 1062 763 cum
1079 692 1154 765 hoc
1168 709 1279 789 ageret

213 836 287 882 non
303 834 346 880 ex
364 810 521 906 legitimo
531 809 665 880 ordine
683 824 835 907 acceptae
851 814 1049 908 potestatis,
1066 811 1128 884 sed
1145 837 1279 884 suane·

212 927 329 1021 quiter
345 940 381 996 et
393 923 681 996 irrationabiliter
700 923 831 996 abusus
845 938 1021 1022 potestate
1044 954 1053 997 ε
1074 952 1278 1024 quanquam

213 1043 332 1129 etiam,
360 1066 402 1112 co
425 1040 525 1138 quod
540 1040 699 1136 dignitas·
714 1041 834 1137 legalis
854 1042 1044 1115 sacerdotii
1069 1069 1137 1142 per
1152 1045 1277 1117 Christi

213 1157 450 1230 sacerdotium
460 1165 536 1254 jam
551 1171 718 1229 cessasset
729 1172 765 1228 et
775 1173 946 1230 evacuata
954 1174 1063 1251 esset,
1082 1173 1179 1232 recte
1189 1161 1278 1232 dixe·

211 1276 256 1346 rit
281 1276 443 1346 nesciisse
459 1298 543 1344 eum
563 1298 743 1344 summum
769 1273 1004 1346 sacerdotem.
1032 1278 1141 1347 Hunc
1161 1292 1276 1349 autem

211 1390 427 1461 intellectum
444 1387 611 1461 habuisse
627 1389 834 1486 Apostolum
850 1389 952 1485 quod
967 1405 1055 1462 tunc
1068 1392 1223 1490 principi
1236 1395 1276 1466 sit

209 1503 422 1604 parendum,
442 1529 525 1576 cum
548 1518 693 1601 accepta
715 1528 736 1576 a
761 1509 839 1577 Deo
856 1504 1012 1600 legitime
1035 1508 1150 1579 utitur
1165 1524 1275 1606 potes·

211 1637 294 1715 tate,
313 1622 410 1694 idem
424 1620 626 1720 Apostolus,
642 1618 789 1693 indicto
806 1621 964 1720 capitulo
977 1623 1138 1723 epistolae
1155 1625 1275 1697 suaead

210 1740 413 1830 Romanos,
440 1738 523 1810 satis
542 1734 681 1833 liquido
703 1736 870 1809 ostendit.
897 1741 990 1810 Cum
1014 1741 1115 1810 enim
1139 1740 1276 1813 dixisset

209 1854 322 1953 quod,
341 1856 403 1951 qui
426 1854 592 1952 potestati
613 1853 796 1945 resistunt,
825 1855 891 1954 ipsi
916 1854 985 1925 sibi
1007 1853 1274 1929 damnationem

209 1972 412 2069 acquirunt,
435 1970 568 2059 statim,
591 1968 677 2039 dicti
696 1969 751 2040 sui
765 1968 919 2041 reddens
938 1971 1133 2063 rationem,
1157 1973 1276 2069 adjun-

211 2088 286 2184 git:
311 2117 328 2153 α
350 2090 441 2158 Nam
463 2085 642 2185 principes
669 2108 745 2156 non
771 2100 854 2158 sunt
879 2086 999 2157 timori
1022 2085 1115 2159 boui
1141 2091 1273 2186 operis,

209 2203 273 2275 sed
291 2201 389 2274 mali.
415 2202 476 2273 Vis
492 2216 613 2274 autem
634 2225 710 2273 non
734 2202 860 2273 timere
878 2205 1121 2299 potestatem?
1141 2209 1274 2277 Bonum

210 2319 265 2390 lac
285 2334 322 2392 et
340 2318 491 2390 habebis
510 2317 655 2390 laudem
677 2342 721 2388 ex
736 2318 814 2406 illa3
835 2318 900 2388 Dei
924 2320 1023 2389 enim
1040 2321 1206 2393 minister
1228 2338 1276 2394 est

209 2433 275 2505 tibi
286 2435 324 2504 iu
336 2432 489 2505 bonum.
506 2435 543 2504 Si
559 2448 679 2505 autem
696 2433 790 2505 male
805 2433 942 2523 feceris,
955 2436 1060 2521 time3
1080 2467 1099 2501 ι
1111 2451 1276 2510 etcaeura

209 2574 288 2646 quae
306 2563 515 2645 sequuntur,
534 2573 576 2618 ex
594 2548 725 2643 quibus
741 2548 923 2620 manifeste
940 2550 1100 2622 ostendit
1117 2567 1205 2624 turm
1218 2579 1276 2651 po

211 2666 392 2739 testatibus
413 2683 449 2737 et
472 2664 693 2762 principibus
717 2664 917 2763 parendum
943 2684 979 2738 et
1001 2681 1090 2739 tunc
1117 2694 1182 2741 eos
1206 2697 1276 2743 esse

210 2783 406 2873 timendos,
441 2807 525 2853 cum
561 2796 707 2879 accepta
746 2795 918 2879 potestate
951 2807 973 2854 a
1005 2787 1086 2856 Deo
1124 2786 1276 2880 legitime

211 2916 358 2973 utuntur
378 2917 411 2972 et
432 2899 555 2973 debito
576 2899 703 2970 ordine
723 2900 876 2994 justitiae,
900 2900 1035 2972 scilicet
1057 2903 1107 2974 ad
1131 2903 1273 2975 tutelam

210 3034 244 3090 et
261 3019 504 3090 defensionem
518 3016 715 3087 insontium
731 3029 766 3084 et
781 3014 982 3105 bonorum,
999 3016 1062 3112 qui
1084 3016 1177 3088 nihil
1195 3015 1272 3088 mali

210 3147 370 3229 cgemnt,
388 3147 424 3203 et
436 3133 661 3229 punitionem
679 3145 787 3225 atque
804 3131 1058 3202 coercitionem
1079 3133 1270 3220 malomm,

211 3249 248 3319 iu
263 3272 354 3344 quos
368 3262 519 3344 acceptae
532 3246 716 3344 potestatis
730 3244 888 3339 gladium
898 3270 1059 3317 exserere
1073 3246 1224 3319 debent.

550 3568 804 3640 cat‘ttt‘tt'n
834 3569 942 3635 m.

268 3749 1012 3826 uquopmmeansujeem,aaqmeu
1023 3753 1214 3825 reponam.

258 3936 328 4009 Sed
357 3935 475 4007 adhuc
505 3934 648 4029 objiciet
675 3932 803 4029 aliquis
831 3931 931 4026 quod
956 3934 1107 4004 minime
1136 3937 1272 4008 licuerit

210 4051 315 4123 nobis
337 4050 560 4149 corporalem
583 4049 805 4145 presentiam
826 4047 941 4142 gregis
958 4047 1067 4119 nobis
1089 4053 1272 4123 commissi

210 4162 420 4259 relinquere,
437 4174 608 4260 pwtextu
621 4160 729 4230 etiam
744 4161 1000 4254 cujuscumque
1011 4165 1274 4257 persecutionis
