2946 5070
592 525 703 582 uttan
720 525 868 584 ennius.
1200 529 1255 585 2⁹¹

203 668 345 726 nostros
373 653 531 748 iabores,
562 657 761 730 ministrare
796 682 871 730 non
900 657 1032 754 potius¹
1056 682 1198 730 summo
1224 676 1260 733 et

202 785 334 844 eterno
368 773 452 868 Regi
489 794 598 869 quam
631 774 772 846 mortali
806 774 959 872 principi
987 773 1257 873 reputabamus;

203 889 304 984 cujus
315 889 476 986 proiecto
495 890 696 983 servitium,
715 888 843 962 talibus
866 889 1048 961 fraudibus
1062 915 1105 962 ac
1124 892 1261 963 violen-

202 1004 259 1076 tiis
275 1018 471 1093 extortum,
491 1030 558 1078 nec
578 1020 737 1102 gratum,
756 1026 823 1078 nec
837 1005 1039 1102 jucundum
1061 1007 1136 1080 uilo
1154 1023 1260 1105 pacto

115 1200 122 1211 ,
201 1120 294 1213 effici
310 1122 415 1195 nobis
434 1125 616 1221 potuisset.

250 1242 295 1309 Et
309 1263 384 1309 non
400 1264 444 1311 eo
460 1239 591 1339 minus,
609 1261 718 1337 quarn
734 1239 869 1310 sincere
881 1252 1085 1333 quantaque
1096 1263 1179 1309 oum
1191 1238 1261 1310 fide

200 1368 237 1425 et
252 1354 451 1454 integritate
467 1355 673 1451 hujusmodi
689 1355 967 1427 ministraremus
990 1353 1129 1446 officio,
1148 1378 1260 1452 quan

202 1483 349 1567 tumque
361 1471 487 1544 incoioe
499 1485 672 1544 terrarum
686 1470 828 1542 iilarrnn
840 1485 999 1543 nostram
1013 1469 1110 1569 apud
1121 1496 1158 1542 se
1173 1497 1261 1568 prae-
1373 1460 1376 1469 ¹

201 1587 351 1659 sentiam
375 1612 495 1662 caram
521 1602 557 1660 et
582 1586 818 1660 desideratam
842 1585 1032 1679 baberent,
1051 1587 1146 1684 ipsos
1167 1586 1261 1660 solos

201 1715 302 1774 terrae
317 1703 457 1776 accolas
472 1720 646 1775 vocamus
660 1702 699 1774 in
714 1716 840 1794 testes3
859 1727 882 1774 a
896 1699 1038 1798 quibus,
1058 1700 1141 1773 iicet
1156 1725 1224 1773 nec
1239 1727 1261 1773 a

202 1842 283 1913 rege
306 1819 541 1917 stipendium,
569 1842 636 1889 nec
657 1819 884 1915 pensionem,
899 1843 980 1889 ‘nec
1006 1817 1051 1888 dc
1077 1818 1178 1914 sigilii
1201 1834 1262 1890 aut

201 1933 346 2005 aliunde
359 1932 633 2006 obvenientibus
644 1932 895 2005 emolumentis
910 1933 1107 2030 quidquam
1120 1934 1262 2030 penitus

200 2049 459 2147 acciperemus,
479 2070 664 2146 nunquam
680 2063 800 2121 mmeu
815 2048 872 2121 rei
895 2048 941 2121 ab
957 2075 1033 2120 uno
1054 2050 1174 2145 aliquo
1201 2049 1261 2120 de·

201 2165 342 2237 uarium
358 2182 420 2237 aut
437 2166 618 2262 exegimus
634 2179 694 2236 aut
709 2165 886 2255 oblatum,
899 2167 1032 2261 ,gratias
1050 2169 1146 2257 Deo,
1166 2188 1262 2236 rece·

200 2282 332 2378 pimus.
344 2281 452 2369 Quod
465 2306 540 2353 non
553 2282 728 2377 jactanter
736 2281 911 2379 proiecto,
923 2281 979 2352 vel
994 2280 1031 2351 iu
1042 2305 1108 2352 nos
1116 2294 1263 2377 propter

199 2395 272 2468 hoo
294 2397 444 2493 gloriam
461 2397 580 2469 referri
597 2397 805 2495 cupientes,
824 2397 993 2489 dicimusq
1013 2397 1076 2469 sed
1092 2396 1158 2468 soli
1182 2400 1261 2467 Deo

200 2513 329 2609 gratias
345 2513 547 2608 reddentes,
565 2503 611 2585 de
627 2514 727 2611 cujus
740 2539 888 2585 munere
903 2515 1011 2601 venit,
1028 2513 1156 2612 siquid
1172 2512 1262 2585 boni

200 2644 263 2702 aut
288 2630 438 2725 velimus
458 2630 724 2722 transactamus,
752 2629 892 2702 dicente
907 2630 1076 2730 apostolo
1096 2657 1104 2701 ι
1127 2659 1144 2694 ι
1165 2634 1261 2701 Deus

199 2760 274 2839 est,
303 2747 365 2843 qui
382 2761 550 2843 operatur
575 2747 613 2818 in
638 2745 744 2818 nobis
767 2760 802 2818 et
820 2745 911 2818 veile
936 2760 972 2818 et
997 2744 1167 2843 perficere
1193 2770 1261 2844 pro

200 2861 300 2935 bona
329 2861 533 2948 voluntate,
558 2891 575 2927 s
596 2874 632 2932 et
653 2859 737 2934 aiibi
762 2888 772 2931 ι
803 2860 938 2949 «Quid
967 2859 1079 2933 habes
1104 2891 1122 2927 ι
1145 2860 1262 2973 inquit

204 2977 338 3110 «qnod
363 2998 438 3050 non
463 2976 658 3076 accepisti?
683 2977 719 3047 Si
739 2984 859 3049 aulem
880 2977 1058 3074 accepisti,
1075 2976 1163 3074 quid
1189 2975 1262 3071 gio·

200 3096 313 3184 riaris,
328 3095 429 3193 quasi
444 3119 519 3166 non
533 3091 737 3191 acceperis?
756 3120 774 3158 ι
792 3100 828 3163 et
842 3091 967 3190 plura
958 3117 996 3166 ru
1011 3090 1261 3188 hujuscemodi

200 3212 426 3284 sententiam

249 3325 319 3397 Sed
332 3322 575 3422 haecquodam
589 3323 700 3397 modo
715 3321 918 3426 verecunde
927 3337 964 3394 et
978 3323 1073 3395 reiut
1084 3322 1259 3420 compulsi

200 3443 246 3514 de
275 3439 381 3513 nobis
410 3439 612 3531 referimus,
647 3440 710 3535 qui
736 3438 830 3510 hanc
865 3438 1067 3536 apologiam
1101 3453 1260 3511 nostram

200 3572 325 3631 contra
336 3557 615 3629 obtrectatorum
625 3572 732 3655 atque
749 3556 959 3628 aemulorum
968 3557 1163 3628 calumnias
1174 3582 1260 3628 con·

200 3674 407 3768 scribimus,
429 3697 474 3744 ne
490 3672 580 3746 forte
596 3687 785 3747 causentur
796 3673 910 3769 aliqui
927 3688 1074 3772 propter
1094 3673 1259 3771 improbe
1360 3745 1361 3749 ,

200 3805 237 3863 et
253 3791 416 3886 nequiter
430 3814 453 3862 a
468 3787 574 3860 nobis
591 3803 669 3861 acta
685 3790 723 3861 in
740 3789 842 3860 terris
857 3787 925 3859 iilis
941 3802 1077 3861 tantam
1094 3789 1185 3882 regis
1204 3789 1261 3859 in·

200 3906 417 4003 dignationis
437 3904 673 4004 promentisse
701 3902 943 3977 acerbitatem.
963 3903 1260 4015 Audenter·enirn

200 4020 386 4096 asserimus
414 4046 481 4122 pro
513 4016 720 4119 hujusmodi
745 4019 941 4092 ministerio
968 4019 1107 4121 nullum
1134 4019 1260 4093 incolis

243 4261 272 4317 i.
294 4256 319 4316 ll
331 4255 392 4316 faut
406 4255 512 4316 eiiaoer
527 4275 581 4338 qun
594 4274 634 4314 on
647 4219 804 4314 substimer
815 4261 910 4312 minus
923 4256 942 4314 i
947 4261 1058 4330 ptiar.
