2946 5070
210 450 223 484 Ι

591 492 699 550 LIBER
720 490 870 548 SEXTUS.
1222 495 1259 552 20

252 628 336 697 Post
349 626 424 706 baec
440 641 560 699 autem
577 649 639 700 rex
664 626 849 700 confidens
866 653 903 700 se
925 627 1061 701 facilius
1080 629 1259 700 civitatem

200 739 275 812 sive
301 740 476 838 oppidum
498 741 701 815 Atrebatum
723 740 790 814 sibi
806 741 980 838 subjicere
1006 767 1121 841 posse,
1149 768 1260 840 quam

200 855 402 955 potioribus
429 872 535 953 atque
551 857 793 956 primion'bus,
812 857 941 954 quibus
966 882 1099 932 suares
1117 858 1260 957 publiea

200 969 529 1063 administrabatur,
556 972 758 1045 destitutam
774 972 922 1065 sciebat,
946 973 1076 1072 ipsam,
1107 973 1261 1047 admotis

201 1085 373 1159 omnibus
395 1089 507 1186 copiis
531 1089 602 1160 suis
624 1103 660 1161 et
682 1089 868 1181 machinis,
894 1087 1082 1162 obsidione
1106 1089 1256 1163 vallavit.

200 1202 295 1273 Sane
311 1229 394 1275 cum
410 1203 586 1301 aliquibus
604 1205 729 1277 diebus
740 1205 913 1278 machinis
926 1220 961 1277 et
977 1205 1136 1304 petrariis
1153 1207 1261 1304 ipsius

200 1331 317 1392 turres
328 1336 365 1392 et
376 1322 644 1425 ppopugnacula
655 1322 789 1418 dejecta
800 1323 854 1393 vel
869 1321 986 1394 diruta
1002 1322 1038 1392 in
1055 1322 1158 1394 certis
1171 1322 1259 1395 locis

200 1432 367 1522 flumem,
381 1451 416 1508 et
424 1461 626 1534 expugnare
638 1463 717 1510 eam
730 1439 815 1535 regii
832 1438 1257 1535 militesaggrederentur,

200 1549 362 1623 videntes
378 1578 415 1624 se
427 1551 560 1624 obsessi
575 1553 737 1650 praesidio
748 1553 947 1645 destitutos,
963 1554 1008 1626 ad
1026 1554 1260 1626 resistendum

200 1663 390 1757 invalidos,
408 1683 443 1740 et
471 1683 669 1741 extremum
697 1669 764 1742 sibi
783 1671 970 1748 imminere
987 1670 1133 1741 exitium
1151 1672 1179 1741 si
1204 1696 1261 1742 ex·

200 1784 350 1877 pugnati
367 1783 526 1877 luissent,
545 1784 721 1884 supplices
739 1783 957 1858 deditionem
974 1784 1101 1859 offerre
1116 1801 1153 1858 et
1169 1789 1261 1883 regis

201 1898 351 1992 gratiam
377 1900 570 1998 implorare
588 1916 784 2000 coepemnt.
814 1905 931 1990 Quam
958 1927 1037 1992 rex,
1065 1903 1147 1974 licet
1163 1906 1259 1999 graui

199 2013 239 2084 in
270 2038 332 2086 eos
358 2016 410 2087 ira
426 2031 459 2087 et
476 2017 720 2114 indignatione
734 2042 936 2111 succensus,
949 2017 1079 2115 quibus
1094 2019 1261 2092 volultle-

201 2128 305 2225 gibus
328 2130 454 2203 dedit¹.
482 2137 571 2206 Nam
595 2159 663 2233 pro
690 2135 916 2206 contumacia
939 2149 973 2204 et
998 2133 1257 2230 inobedientia,

200 2270 310 2344 quam
327 2251 364 2320 in
385 2275 422 2321 se
444 2253 739 2324 eos'commisisse
754 2250 958 2350 reputabat,
985 2252 1173 2347 mulctavit
1198 2279 1260 2326 eos
1372 2235 1377 2244 ’

201 2386 333 2459 magno
345 2366 422 2437 auri
433 2366 572 2465 pondo,
583 2367 683 2464 quod
700 2366 746 2438 ad
763 2368 934 2437 trecenta¹
952 2365 1062 2440 millia
1077 2382 1260 2440 scutorum

200 2481 276 2551 auri
295 2481 349 2553 vel
366 2481 412 2554 ad
430 2498 587 2557 trecenta
601 2484 711 2556 millia
726 2484 916 2556 ascendere
933 2483 1138 2556 serebatur&
1157 2487 1260 2560 Unde

201 2595 323 2670 civitas
351 2599 411 2672 illa
443 2601 588 2696 insignis
613 2601 716 2674 valde
745 2616 779 2673 et
808 2601 991 2698 opulenta,
1020 2600 1150 2698 opibus
1172 2628 1260 2701 quas

200 2712 359 2810 longaeva
378 2718 610 2815 prosperitate
634 2717 832 2789 cumularat
856 2716 1002 2805 nudata,
1028 2718 1066 2787 in
1092 2743 1258 2815 magnam

200 2844 309 2927 atque
324 2832 558 2906 miserabilem
581 2834 786 2933 pauperiem
804 2847 857 2904 est
883 2831 1037 2905 redacta.
1075 2835 1258 2921 Quosdam

200 3027 312 3086 rolloit'.
330 3031 365 3086 Et
378 3047 414 3087 en
427 3047 462 3087 ce
475 3042 566 3109 temps
585 3048 642 3106 que
658 3027 678 3085 il
697 3047 728 3086 se
741 3025 889 3105 disposort,
905 3046 943 3085 on
960 3026 1065 3085 manda
1080 3044 1140 3106 ung
1155 3028 1257 3100 aultre,

200 3133 230 3179 et
242 3121 284 3179 lui
295 3120 336 3179 dit
351 3142 389 3180 on
404 3141 515 3181 oomme
533 3123 641 3181 dessus.
657 3126 693 3180 Et
706 3123 723 3178 a
736 3140 784 3179 ces
798 3120 920 3199 parolles
936 3138 975 3178 on
988 3119 1132 3179 executoit
1145 3121 1256 3180 l'autre.

192 3215 237 3271 'lit
252 3227 344 3291 quant
365 3215 391 3273 la
409 3215 588 3294 compaigm'e
604 3215 746 3294 percbupt
762 3214 814 3271 tels
831 3213 1016 3271 mandemens
1034 3226 1062 3271 et
1081 3232 1139 3291 que
1154 3215 1204 3273 nul
1222 3233 1260 3275 ne

201 3309 375 3381 retournoit,
393 3310 643 3370 commencherent
659 3313 676 3367 a
694 3328 797 3388 penset
811 3327 905 3367 aucun
926 3309 993 3367 mal.
1017 3308 1112 3366 Adont
1131 3329 1163 3367 se
1179 3309 1258 3368 leve·

200 3416 265 3462 rent
279 3402 315 3461 de
329 3403 415 3476 table,
431 3419 459 3465 et
471 3425 580 3467 aucuns
596 3405 770 3484 perehurent
785 3416 868 3483 grant
882 3400 1039 3462 assamblee
1056 3416 1085 3461 et
1097 3416 1181 3482 grant
1196 3405 1257 3465 alu-

200 3496 291 3554 merie
308 3515 346 3554 au
363 3498 505 3570 marchio,
523 3512 552 3557 et
568 3518 626 3577 que
637 3498 741 3572 justice
757 3517 787 3556 se
801 3490 905 3555 laisoit.
927 3499 985 3555 Des
1003 3496 1092 3555 doure
1111 3514 1148 3554 en
1164 3510 1259 3555 morut

200 3587 284 3666 buyt.
306 3593 360 3649 Les
379 3592 485 3651 aultres
501 3595 687 3672 escappirent
703 3613 710 3647 ε
728 3591 799 3650 dont
815 3591 849 3649 ils
867 3602 983 3648 seevent
1005 3587 1070 3648 bien
1088 3608 1162 3667 pour
1178 3606 1257 3648 eom-

201 3679 279 3742 bien.
295 3707 309 3736 ι
326 3687 446 3744 Journal
459 3685 496 3744 de
511 3685 622 3745 Gerard
636 3684 758 3761 Robert,
772 3705 801 3762 p.
819 3686 868 3746 16.

234 3781 270 3834 -1,
295 3781 313 3835 tt
329 3779 385 3835 mai
399 3782 487 3838 ΜΠ.

238 3873 267 3929 2.
290 3871 369 3931 Lista
381 3875 517 3945 ducenta,
533 3872 666 3952 puisqu’il
680 3893 699 3950 y
711 3890 728 3931 a
741 3871 851 3929 ensuite
862 3883 993 3927 trecenta.

241 3966 270 4020 3.
294 3988 308 4016 ι
321 3968 362 4023 Le
382 3969 432 4024 12·
445 3965 512 4038 jour
530 3965 567 4024 de
583 3984 659 4043 may,
680 3966 724 4023 sut
741 3963 881 4022 demando
897 3982 950 4041 par
968 3963 995 4021 le
1011 3980 1064 4040 roy
1084 3980 1133 4021 sur
1149 3962 1175 4023 la
1192 3962 1258 4026 ville

199 4056 328 4126 d'Arras,
349 4073 409 4118 tant
425 4079 474 4118 sur
489 4048 618 4139 t'bgtise,
634 4079 746 4119 comme
758 4079 808 4117 sur
821 4058 986 4129 marchans,
1002 4057 1136 4136 bourgois
1153 4074 1181 4118 et
1196 4082 1257 4120 ma·

200 4168 273 4208 nans
286 4151 322 4210 de
341 4153 426 4212 ludite
444 4154 522 4224 ville,
540 4153 714 4231 cbinquante
732 4151 808 4212 mille
821 4169 914 4221 escus,
934 4149 1012 4208 dont.
1022 4150 1061 4208 lui
1081 4150 1123 4208 fut
1136 4156 1258 4215 necorde

200 4260 340 4325 quarente
354 4248 441 4308 mille.
457 4274 471 4302 ι
489 4249 608 4306 Journal
620 4247 657 4305 de
671 4244 916 4321 Gemrd-ltobert,
933 4264 963 4325 p.
979 4247 1028 4304 19.
