2946 5070
605 501 714 562 uenit
732 501 881 561 numus
1217 502 1277 561 m

193 633 376 722 *umiae
408 656 489 726 rege
514 647 661 730 perante
678 633 863 724 assecutis,
893 633 979 729 qui,
1001 633 1102 704 veriti
1128 656 1174 704 ne
1202 633 1274 705 cuis

213 748 369 823 destituti
408 747 534 822 ciliciis
565 764 773 842 manerent,
805 765 841 821 et
877 748 953 822 aliis
990 774 1013 822 a
1048 774 1144 824 novo
1182 749 1275 824 duce

212 863 339 938 cadem
352 865 673 956 committerentur,
686 864 931 939 obedientiam
943 863 1112 939 exhibere
1124 880 1161 937 et
1173 890 1276 940 man·

212 983 321 1076 datis,
347 983 395 1056 dc
423 981 554 1079 quibus
577 978 751 1076 diximus,
780 1007 906 1083 parere
935 981 1210 1057 detrectarunt:
1234 996 1276 1057 ut

211 1114 329 1172 custos
345 1100 436 1171 arcis
450 1113 486 1172 et
499 1098 624 1200 oppidi
641 1098 793 1193 Falesia,
807 1114 848 1172 ct
860 1114 979 1172 custos
991 1100 1272 1195 (lemno-Burgi,

210 1217 496 1291 firmissimorum
520 1217 751 1316 oppidorum.
782 1222 946 1305 Quorum
973 1216 1123 1316 parendi
1140 1214 1277 1289 detrec-

208 1336 297 1407 tatio
328 1349 435 1433 utque
469 1334 656 1408 reluctatio
696 1334 881 1433 proiecto,
917 1350 1093 1432 quantum
1123 1332 1276 1406 aliorum

209 1454 369 1552 quisuis
394 1468 592 1552 paruerunt
627 1453 753 1526 edictis
781 1469 817 1525 et
845 1453 1023 1526 mandatis
1051 1454 1088 1524 in
1120 1452 1176 1525 cui
1202 1474 1277 1547 gen

209 1572 306 1643 mani
345 1569 491 1642 allectus
524 1569 732 1642 transeundi
759 1568 1008 1668 promptitudo
1040 1569 1186 1666 ingrata·
1214 1591 1275 1640 cx·

207 1687 293 1759 stitit
319 1702 356 1758 et
381 1708 505 1778 exosa,
535 1708 612 1758 non
640 1687 759 1759 minus
783 1683 944 1781 jucunde
969 1699 1006 1756 et
1032 1682 1102 1756 sibi
1129 1697 1275 1782 accepta

208 1802 287 1875 luit.
309 1800 431 1895 Unde,
452 1824 527 1875 non
543 1801 665 1875 multis
688 1815 770 1902 post
795 1800 954 1874 decumis
969 1798 1118 1893 diebus,
1139 1797 1277 1872 eisdem-

209 1919 348 1990 arcium
380 1918 592 1992 custodibus
618 1933 654 1990 ct
685 1917 763 1991 aliis
790 1940 882 2014 quos
910 1915 1082 1989 nondum·
1103 1936 1274 2012 germano

206 2057 273 2106 suc
295 2036 505 2108 conciliatos
521 2049 629 2133 atque
650 2033 858 2107 obedientes
870 2032 1032 2130 agnovit,
1056 2044 1093 2103 et
1105 2029 1274 2107 mandata

206 2163 242 2221 et
256 2152 422 2249 epistolas
439 2153 552 2244 misit,
570 2149 715 2248 quibus,
735 2150 848 2222 multa
863 2149 914 2222 eis
930 2148 1121 2248 pollicitus,
1138 2146 1274 2219 distrio-

206 2267 276 2338 tius
296 2265 505 2365 injungebat
523 2282 630 2365 atque
647 2265 790 2340 vetabat
813 2288 860 2338 ne
875 2263 993 2339 eidem
1010 2288 1180 2363 germano
1205 2287 1272 2337 suo

205 2384 399 2479 ullatenus,
426 2385 489 2458 sed
512 2383 580 2458 sibi
602 2385 670 2458 soli
695 2396 881 2484 parerent,
900 2397 1008 2482 atque
1027 2406 1126 2454 arces
1148 2380 1271 2476 bujus·

205 2498 306 2572 modi
328 2508 510 2574 servarent
533 2515 569 2573 et
591 2500 796 2575 retinerent.

471 2797 472 2800 ‘
562 2778 817 2887 oirtrtttntt
851 2780 910 2850 u.
962 2789 965 2797 ·

452 2968 538 3022 Aliam
550 2964 741 3041 indignationis
753 2982 860 3022 uuum
871 2962 1021 3021 contilienc.

248 3152 342 3235 ‚Cum
358 3173 443 3222 vero
459 3149 679 3222 venlssemus
700 3146 985 3244 Rothomagum‚
1014 3144 1200 3248 capitalem
1217 3164 1270 3223 to-

202 3261 271 3349 tius
297 3264 490 3365 provinciae
510 3262 658 3359 nibem,
683 3262 730 3339 ad
749 3265 949 3362 ingressum
974 3266 1060 3339 novi
1077 3260 1178 3339 ducis
1203 3260 1270 3340 hc·

201 3376 406 3457 rorandum
440 3383 502 3481 (ad
537 3407 648 3482 qnam
681 3383 789 3457 etiam
821 3381 868 3456 de
896 3382 1054 3477 singulis
1077 3383 1270 3482 provincie

199 3498 361 3597 pennus
377 3500 532 3600 prelati,
548 3500 697 3607 comites
711 3512 749 3572 et
765 3497 876 3571 ferme
892 3521 1037 3590 omnes,
1055 3498 1118 3597 qul
1134 3497 1267 3571 bones·

199 3617 290 3692 tiom
315 3610 436 3717 aliquo
460 3624 563 3691 erant
585 3614 697 3713 gradu
727 3628 790 3689 aut
819 3612 920 3711 locc,
945 3629 1092 3716 propter
1107 3615 1267 3713 ejusdem

201 3731 288 3811 novi
317 3728 420 3807 ducis
446 3720 642 3807 adventum
669 3728 927 3829 occurrerant),
950 3745 986 3804 et
1019 3731 1198 3807 venissent
1220 3730 1267 3805 ad

200 3845 333 3923 ducem
361 3874 498 3924 novum
521 3849 613 3944 regis
640 3849 762 3922 litterae
783 3848 935 3946 qualiter
960 3848 1007 3922 ad
1035 3873 1141 3941 eum,
1173 3849 1267 3944 lega·

201 3965 309 4037 tionis
331 3990 457 4059 causa,
489 3965 618 4038 ducem
650 3965 821 4039 Borbonii
846 3989 929 4038 cnm
958 3989 1025 4038 suc
1054 3963 1266 4039 cancellario

199 4072 454 4179 nonnullisque
481 4079 558 4153 allis
590 4078 636 4152 de
672 4102 738 4151 suo
768 4080 934 4153 consilio¹
968 4068 1167 4154 destinabat
1198 4103 1266 4179 pro

242 4276 272 4333 l.
290 4296 305 4324 ι
322 4277 362 4332 Le
379 4292 431 4350 roy
450 4292 564 4351 envoya
577 4278 651 4353 ligr.
670 4273 698 4331 le
712 4273 770 4332 duc
783 4273 820 4332 de
834 4272 989 4346 Bourbcn,
1004 4286 1033 4331 et
1044 4290 1082 4333 en
1094 4284 1127 4333 st
1139 4276 1267 4355 compri-
