2946 5070
599 449 708 508 LIBER
729 452 881 510 SEXTUS.
1230 456 1263 513 tt

207 595 271 650 est.
293 582 364 650 Nee
381 593 499 652 tamen
515 638 525 670 ,
544 582 582 651 in
600 580 789 653 limitaneis
803 583 914 678 agris,
933 607 955 656 a
971 584 1098 680 praedis
1116 600 1150 656 et
1167 585 1272 659 latro-

207 695 310 767 ciniis
324 710 378 767 est
394 711 582 770 cessatum.

451 925 454 933 ¹
538 978 794 1046 CAPITULUM
828 978 936 1046 XVil.

205 1175 244 1225 De
252 1173 325 1244 gravi
334 1171 463 1226 seditione
473 1185 498 1226 et
508 1176 622 1229 tumultu
632 1189 724 1230 exorto
737 1177 875 1231 Florentia
887 1177 920 1229 ab
931 1177 974 1228 bis
988 1176 1021 1228 de
1033 1178 1130 1231 familia
1142 1177 1176 1231 de
1188 1181 1271 1234 Panis

323 1271 348 1309 et
362 1257 399 1310 eis
412 1257 616 1326 adherentibus,
630 1259 800 1332 ejusdemque
811 1263 937 1315 tumultur
947 1262 1131 1333 pacificatione
1143 1264 1162 1315 ¹.

253 1449 305 1518 Ea
320 1461 542 1546 tempestate,
560 1452 742 1548 superiore
757 1475 867 1542 anno,
884 1452 945 1548 qui
962 1450 1009 1524 ab
1024 1453 1269 1528 incarnatione

203 1561 332 1634 Christi
355 1579 431 1636 erat
450 1571 705 1659 uccccaxxnr',
723 1568 762 1637 in
777 1566 868 1639 urbe
884 1568 1014 1663 insigni
1036 1570 1168 1651 Tusciae
1193 1571 1272 1643 Flo-

203 1678 340 1771 rentia,
368 1681 484 1774 gravis
509 1696 544 1751 et
571 1682 771 1779 periculosa
795 1680 925 1754 oborta
944 1696 998 1754 est
1017 1683 1156 1756 seditio.
1181 1690 1269 1759 Nam

203 1792 352 1889 quidam
375 1795 507 1868 civium
534 1797 580 1868 de
603 1796 735 1870 familia
758 1797 817 1868 cui
838 1812 892 1868 est
915 1801 1197 1893 cognomentum
1224 1803 1268 1874 de

204 1911 317 1980 Passis
325 1911 348 2001 ⁸,
368 1911 405 1981 in
422 1912 550 1985 eadem
567 1912 658 1984 urbe
683 1913 766 1984 satis
786 1912 880 1985 clara
900 1929 935 1984 et
959 1915 1152 2012 opulenta,
1179 1917 1268 1989 serre

203 2053 277 2100 non
294 2029 453 2101 valentes
474 2054 591 2127 neque
617 2032 726 2127 aequis
752 2031 879 2103 animis
900 2033 1073 2129 inspicere
1098 2032 1268 2108 familiam

203 2142 345 2215 illorum
367 2144 412 2215 de
437 2145 605 2236 Medicis,
629 2146 730 2236 satis,
756 2145 890 2217 nedum
912 2147 948 2217 in
972 2168 1015 2218 ea
1036 2146 1126 2220 urbe
1142 2136 1268 2222 *totove

202 2257 289 2330 orbe
306 2259 522 2353 christiano,
545 2260 608 2333 sed
624 2275 660 2331 et
676 2262 711 2331 in
735 2261 912 2358 plerisque
928 2261 1126 2335 infidelium
1151 2267 1268 2360 regnis

201 2397 242 2446 ao
278 2377 471 2473 provinciis
496 2376 715 2450 diffamatam
747 2376 796 2449 ob
824 2379 1000 2473 insignem
1030 2393 1066 2450 ct
1097 2405 1266 2452 nummu·

200 2491 326 2564 lariam
357 2492 620 2588 trajectitiarum
642 2518 802 2565 mensam
825 2509 932 2591 atque
954 2497 1263 2584 exercitationem,

200 2608 237 2678 in
255 2632 319 2680 sua
337 2608 522 2707 republica
542 2611 686 2707 majoris
706 2611 830 2683 crediti
852 2626 888 2683 et
911 2615 1129 2685 auctoritatis
1151 2613 1266 2686 hono-

202 2724 298 2797 ribus
316 2726 474 2823 pollere,
493 2751 603 2822 quam
622 2724 688 2825 ipsi
708 2726 881 2800 hactenus
897 2729 1113 2825 potuissent,
1133 2729 1210 2800 zelo
1231 2744 1267 2801 et

200 2840 334 2913 invidia
352 2844 533 2933 succensi,
562 2844 763 2937 cogitarunt
782 2867 939 2939 quanam
954 2843 1013 2914 via
1031 2844 1096 2940 ipsi
1118 2843 1197 2914 illos
1220 2844 1265 2916 de

201 2956 358 3049 Medicis,
370 2982 526 3054 quorum
541 2959 708 3056 precipui
722 2973 758 3029 et
774 2959 810 3029 in
825 2982 867 3030 ea
878 2973 964 3029 tunc
978 2957 1069 3030 urbe
1079 2958 1266 3056 primiores

200 3088 301 3145 erant
325 3073 400 3146 duo
425 3077 606 3171 germani,
633 3077 842 3146 Laurentius
867 3074 1001 3146 scilicet
1023 3089 1059 3146 et
1078 3075 1262 3169 Julianus,

202 3215 276 3263 non
293 3192 404 3264 modo
421 3193 630 3264 auctoritate
648 3207 683 3264 et
697 3191 898 3263 bonoribus
914 3189 1124 3285 detrudere,
1139 3217 1264 3265 verum

202 3309 327 3398 etiam,
353 3333 398 3381 ne
417 3309 489 3380 suis
506 3308 689 3381 obstarent
704 3307 914 3397 conatibus,
933 3309 1005 3380 vita
1020 3309 1160 3406 privare
1182 3335 1264 3408 pos·

202 3439 291 3497 sent.
316 3425 367 3497 td
388 3424 486 3522 quod
507 3423 765 3522 perficiendum
792 3425 960 3495 comitem
986 3424 1261 3521 Hieronymum,

244 3636 274 3693 t.
287 3635 402 3690 Devant
413 3651 448 3689 ce
466 3632 530 3689 titre
547 3651 586 3689 on
600 3632 681 3689 iiten
699 3651 807 3709 marge,
823 3631 859 3688 de
873 3630 900 3687 la
915 3632 1009 3690 meme
1023 3630 1100 3688 main
1115 3631 1185 3688 dont
1199 3644 1264 3690 sont

204 3723 304 3782 acrites
316 3724 358 3783 les
372 3738 467 3784 autres
479 3725 661 3785 annotations
678 3725 718 3782 du
734 3745 788 3786 ms.
804 3749 810 3783 :
831 3749 845 3776 α
858 3725 963 3782 Mirum
976 3723 1046 3801 quid
1059 3724 1126 3782 huic
1139 3724 1264 3783 historiae

207 3848 219 3871 ι
235 3840 388 3880 commune
408 3823 444 3881 sit
463 3841 530 3881 cum
549 3821 635 3901 gestis
655 3821 794 3879 Ludovici
814 3834 842 3878 et
861 3820 973 3893 Caroli,
995 3833 1022 3877 et
1047 3820 1163 3898 quidem
1184 3820 1262 3897 quod

207 3941 219 3964 «
236 3913 383 3995 Philippus
395 3916 554 3977 Cominaeus
568 3916 624 3974 boc
636 3916 700 3995 ipso
714 3915 778 3974 loco
792 3915 867 3973 hanc
883 3914 942 3971 suis
954 3915 1098 3973 interserit
1112 3931 1263 3972 commen-

207 4035 220 4059 «
237 4008 324 4081 tariis,
335 4010 417 4088 quasi
430 4008 466 4067 de
478 4011 648 4089 composito.
664 4035 678 4061 ι

243 4105 272 4159 2.
294 4105 427 4182 Corrigez
441 4107 531 4163 tute.

245 4199 272 4253 3.
295 4200 349 4256 Les
363 4198 452 4256 Pazzi.
