<?xml version="1.0" encoding="UTF-8"?>
<!DOCTYPE html PUBLIC "-//W3C//DTD XHTML 1.0 Transitional//EN"
    "http://www.w3.org/TR/xhtml1/DTD/xhtml1-transitional.dtd">
<html xmlns="http://www.w3.org/1999/xhtml" xml:lang="en" lang="en">
 <head>
  <title>
</title>
<meta http-equiv="Content-Type" content="text/html;charset=utf-8" />
  <meta name='ocr-system' content='tesseract 3.04.00' />
  <meta name='ocr-capabilities' content='ocr_page ocr_carea ocr_par ocr_line ocrx_word'/>
</head>
<body>
  <div class='ocr_page' id='page_1' title='image "./histoiredesrgne00amelgoog_0329.png"; bbox 0 0 2896 5070; ppageno 0'>
   <div class='ocr_carea' id='block_1_1' title="bbox 321 454 1385 2208">
    <p class='ocr_par' dir='ltr' id='par_1_1' title="bbox 326 454 956 529">
     <span class='ocr_line' id='line_1_1' title="bbox 722 454 956 526; baseline -0.006 -3.514"><span class='ocrx_word' id='word_1_1' title='bbox 722 471 724 475; x_wconf 77' lang='grc'>’</span> <span class='ocrx_word' id='word_1_2' title='bbox 749 454 956 526; x_wconf 57' lang='lat' dir='ltr'><strong>mimula,</strong></span> 
     </span>
    </p>

    <p class='ocr_par' dir='ltr' id='par_1_2' title="bbox 321 587 1385 2208">
     <span class='ocr_line' id='line_1_2' title="bbox 322 587 1378 691; baseline -0.017 -13"><span class='ocrx_word' id='word_1_3' title='bbox 322 594 594 678; x_wconf 68' lang='lat' dir='ltr'><strong>illustrissimum</strong></span> <span class='ocrx_word' id='word_1_4' title='bbox 602 591 815 691; x_wconf 84' lang='lat' dir='ltr'><strong>principem,</strong></span> <span class='ocrx_word' id='word_1_5' title='bbox 830 605 917 665; x_wconf 86' lang='lat' dir='ltr'><strong>tuno</strong></span> <span class='ocrx_word' id='word_1_6' title='bbox 932 588 1101 663; x_wconf 84' lang='lat' dir='ltr'><strong>comitem</strong></span> <span class='ocrx_word' id='word_1_7' title='bbox 1112 587 1160 662; x_wconf 79' lang='lat' dir='ltr'><strong>de</strong></span> <span class='ocrx_word' id='word_1_8' title='bbox 1175 587 1378 687; x_wconf 70' lang='lat' dir='ltr'><strong>Ghvolcys,</strong></span> 
     </span>
     <span class='ocr_line' id='line_1_3' title="bbox 324 705 1382 805; baseline -0.005 -20"><span class='ocrx_word' id='word_1_9' title='bbox 324 736 408 793; x_wconf 85' lang='lat' dir='ltr'><strong>cum</strong></span> <span class='ocrx_word' id='word_1_10' title='bbox 434 707 604 792; x_wconf 81' lang='lat' dir='ltr'><strong>omnibus</strong></span> <span class='ocrx_word' id='word_1_11' title='bbox 618 731 689 781; x_wconf 80' lang='lat' dir='ltr'><strong>sue</strong></span> <span class='ocrx_word' id='word_1_12' title='bbox 709 720 816 803; x_wconf 80' lang='lat' dir='ltr'><strong>atque</strong></span> <span class='ocrx_word' id='word_1_13' title='bbox 842 722 998 805; x_wconf 75' lang='lat' dir='ltr'><strong>paterne</strong></span> <span class='ocrx_word' id='word_1_14' title='bbox 1022 705 1155 779; x_wconf 82' lang='lat' dir='ltr'><strong>militiae</strong></span> <span class='ocrx_word' id='word_1_15' title='bbox 1171 705 1289 802; x_wconf 84' lang='lat' dir='ltr'><strong>copiis</strong></span> <span class='ocrx_word' id='word_1_16' title='bbox 1306 708 1382 780; x_wconf 76' lang='lat' dir='ltr'><strong>sau</strong></span> 
     </span>
     <span class='ocr_line' id='line_1_4' title="bbox 323 821 1380 927; baseline -0.009 -22"><span class='ocrx_word' id='word_1_17' title='bbox 323 828 476 923; x_wconf 73' lang='lat' dir='ltr'><strong>graviter</strong></span> <span class='ocrx_word' id='word_1_18' title='bbox 511 838 729 922; x_wconf 77' lang='lat' dir='ltr'><strong>occupatum</strong></span> <span class='ocrx_word' id='word_1_19' title='bbox 757 821 927 899; x_wconf 83' lang='lat' dir='ltr'><strong>adversus</strong></span> <span class='ocrx_word' id='word_1_20' title='bbox 957 821 1146 920; x_wconf 71' lang='lat' dir='ltr'><strong>predictos</strong></span> <span class='ocrx_word' id='word_1_21' title='bbox 1176 821 1380 927; x_wconf 77' lang='lat' dir='ltr'><strong>Eburones,</strong></span> 
     </span>
     <span class='ocr_line' id='line_1_5' title="bbox 324 937 1383 1042; baseline -0.008 -25"><span class='ocrx_word' id='word_1_22' title='bbox 324 967 416 1041; x_wconf 91' lang='lat' dir='ltr'><strong>quos</strong></span> <span class='ocrx_word' id='word_1_23' title='bbox 432 944 507 1042; x_wconf 87' lang='lat' dir='ltr'><strong>ipse</strong></span> <span class='ocrx_word' id='word_1_24' title='bbox 530 955 656 1017; x_wconf 86' lang='lat' dir='ltr'><strong>contra</strong></span> <span class='ocrx_word' id='word_1_25' title='bbox 678 963 761 1013; x_wconf 87' lang='lat' dir='ltr'><strong>eum</strong></span> <span class='ocrx_word' id='word_1_26' title='bbox 775 941 931 1017; x_wconf 78' lang='lat' dir='ltr'><strong>inerma</strong></span> <span class='ocrx_word' id='word_1_27' title='bbox 953 937 1169 1026; x_wconf 84' lang='lat' dir='ltr'><strong>concitarat,</strong></span> <span class='ocrx_word' id='word_1_28' title='bbox 1195 963 1269 1012; x_wconf 88' lang='lat' dir='ltr'><strong>nec</strong></span> <span class='ocrx_word' id='word_1_29' title='bbox 1286 963 1383 1037; x_wconf 81' lang='lat' dir='ltr'><strong>posse</strong></span> 
     </span>
     <span class='ocr_line' id='line_1_6' title="bbox 323 1056 1381 1158; baseline -0.009 -23"><span class='ocrx_word' id='word_1_30' title='bbox 323 1085 407 1139; x_wconf 90' lang='lat' dir='ltr'><strong>eum</strong></span> <span class='ocrx_word' id='word_1_31' title='bbox 423 1075 510 1135; x_wconf 88' lang='lat' dir='ltr'><strong>tunc</strong></span> <span class='ocrx_word' id='word_1_32' title='bbox 532 1056 752 1131; x_wconf 76' lang='lat' dir='ltr'><strong>detensionis</strong></span> <span class='ocrx_word' id='word_1_33' title='bbox 773 1056 904 1131; x_wconf 86' lang='lat' dir='ltr'><strong>auxilia</strong></span> <span class='ocrx_word' id='word_1_34' title='bbox 926 1079 1184 1158; x_wconf 12' lang='lat' dir='ltr'><strong>germanopsuo</strong></span> <span class='ocrx_word' id='word_1_35' title='bbox 1208 1068 1381 1153; x_wconf 83' lang='lat' dir='ltr'><strong>praestare.</strong></span> 
     </span>
     <span class='ocr_line' id='line_1_7' title="bbox 323 1171 1384 1275; baseline -0.013 -17"><span class='ocrx_word' id='word_1_36' title='bbox 323 1178 394 1258; x_wconf 84' lang='lat' dir='ltr'><strong>sed</strong></span> <span class='ocrx_word' id='word_1_37' title='bbox 419 1178 448 1250; x_wconf 84' lang='lat' dir='ltr'><strong>si</strong></span> <span class='ocrx_word' id='word_1_38' title='bbox 472 1177 511 1251; x_wconf 93' lang='lat' dir='ltr'><strong>in</strong></span> <span class='ocrx_word' id='word_1_39' title='bbox 534 1174 739 1275; x_wconf 86' lang='lat' dir='ltr'><strong>recipienda</strong></span> <span class='ocrx_word' id='word_1_40' title='bbox 758 1174 979 1250; x_wconf 86' lang='lat' dir='ltr'><strong>Normannia</strong></span> <span class='ocrx_word' id='word_1_41' title='bbox 1004 1188 1041 1248; x_wconf 91' lang='lat' dir='ltr'><strong>et</strong></span> <span class='ocrx_word' id='word_1_42' title='bbox 1063 1172 1279 1272; x_wconf 90' lang='lat' dir='ltr'><strong>expellendo</strong></span> <span class='ocrx_word' id='word_1_43' title='bbox 1307 1171 1384 1245; x_wconf 85' lang='lat' dir='ltr'><strong>inde</strong></span> 
     </span>
     <span class='ocr_line' id='line_1_8' title="bbox 323 1288 1384 1390; baseline -0.006 -24"><span class='ocrx_word' id='word_1_44' title='bbox 323 1317 496 1390; x_wconf 78' lang='lat' dir='ltr'><strong>germano</strong></span> <span class='ocrx_word' id='word_1_45' title='bbox 520 1317 586 1367; x_wconf 93' lang='lat' dir='ltr'><strong>suo</strong></span> <span class='ocrx_word' id='word_1_46' title='bbox 616 1289 876 1390; x_wconf 76' lang='lat' dir='ltr'><strong>obtorpuisset,</strong></span> <span class='ocrx_word' id='word_1_47' title='bbox 905 1314 951 1380; x_wconf 81' lang='lat' dir='ltr'><strong>ne</strong></span> <span class='ocrx_word' id='word_1_48' title='bbox 978 1288 1098 1365; x_wconf 89' lang='lat' dir='ltr'><strong>eidem</strong></span> <span class='ocrx_word' id='word_1_49' title='bbox 1125 1313 1194 1362; x_wconf 87' lang='lat' dir='ltr'><strong>suo</strong></span> <span class='ocrx_word' id='word_1_50' title='bbox 1218 1313 1384 1385; x_wconf 79' lang='lat' dir='ltr'><strong>germano</strong></span> 
     </span>
     <span class='ocr_line' id='line_1_9' title="bbox 323 1404 1385 1506; baseline -0.008 -22"><span class='ocrx_word' id='word_1_51' title='bbox 323 1412 554 1485; x_wconf 81' lang='lat' dir='ltr'><strong>auxiliaturus</strong></span> <span class='ocrx_word' id='word_1_52' title='bbox 578 1423 791 1500; x_wconf 90' lang='lat' dir='ltr'><strong>accurreret,</strong></span> <span class='ocrx_word' id='word_1_53' title='bbox 817 1407 1042 1506; x_wconf 83' lang='lat' dir='ltr'><strong>compescitis</strong></span> <span class='ocrx_word' id='word_1_54' title='bbox 1070 1404 1287 1479; x_wconf 86' lang='lat' dir='ltr'><strong>Eburonum</strong></span> <span class='ocrx_word' id='word_1_55' title='bbox 1311 1430 1385 1476; x_wconf 88' lang='lat' dir='ltr'><strong>mo·</strong></span> 
     </span>
     <span class='ocr_line' id='line_1_10' title="bbox 323 1523 1385 1626; baseline -0.008 -22"><span class='ocrx_word' id='word_1_56' title='bbox 323 1528 433 1621; x_wconf 87' lang='lat' dir='ltr'><strong>tibus,</strong></span> <span class='ocrx_word' id='word_1_57' title='bbox 446 1528 638 1626; x_wconf 86' lang='lat' dir='ltr'><strong>autcopias</strong></span> <span class='ocrx_word' id='word_1_58' title='bbox 646 1548 727 1601; x_wconf 86' lang='lat' dir='ltr'><strong>suas</strong></span> <span class='ocrx_word' id='word_1_59' title='bbox 735 1526 782 1601; x_wconf 86' lang='lat' dir='ltr'><strong>ad</strong></span> <span class='ocrx_word' id='word_1_60' title='bbox 791 1526 909 1624; x_wconf 82' lang='lat' dir='ltr'><strong>ipsum</strong></span> <span class='ocrx_word' id='word_1_61' title='bbox 921 1523 1192 1603; x_wconf 78' lang='lat' dir='ltr'><strong>defendendum</strong></span> <span class='ocrx_word' id='word_1_62' title='bbox 1200 1523 1385 1615; x_wconf 78' lang='lat' dir='ltr'><strong>destinaret</strong></span> 
     </span>
     <span class='ocr_line' id='line_1_11' title="bbox 322 1641 1385 1744; baseline -0.008 -25"><span class='ocrx_word' id='word_1_63' title='bbox 322 1642 549 1744; x_wconf 77' lang='lat' dir='ltr'><strong>sepedictus</strong></span> <span class='ocrx_word' id='word_1_64' title='bbox 568 1644 711 1721; x_wconf 82' lang='lat' dir='ltr'><strong>illustria</strong></span> <span class='ocrx_word' id='word_1_65' title='bbox 726 1667 848 1717; x_wconf 88' lang='lat' dir='ltr'><strong>comes</strong></span> <span class='ocrx_word' id='word_1_66' title='bbox 864 1641 910 1717; x_wconf 91' lang='lat' dir='ltr'><strong>de</strong></span> <span class='ocrx_word' id='word_1_67' title='bbox 926 1641 1134 1737; x_wconf 74' lang='lat' dir='ltr'><strong>ctarotoys,</strong></span> <span class='ocrx_word' id='word_1_68' title='bbox 1153 1665 1216 1712; x_wconf 86' lang='lat' dir='ltr'><strong>rex</strong></span> <span class='ocrx_word' id='word_1_69' title='bbox 1239 1642 1316 1738; x_wconf 84' lang='lat' dir='ltr'><strong>ipse</strong></span> <span class='ocrx_word' id='word_1_70' title='bbox 1336 1663 1385 1712; x_wconf 81' lang='lat' dir='ltr'><strong>re</strong></span> 
     </span>
     <span class='ocr_line' id='line_1_12' title="bbox 322 1759 1384 1857; baseline -0.013 -16"><span class='ocrx_word' id='word_1_71' title='bbox 322 1759 728 1848; x_wconf 70' lang='lat' dir='ltr'><strong>hementerverebaturs</strong></span> <span class='ocrx_word' id='word_1_72' title='bbox 742 1774 778 1835; x_wconf 93' lang='lat' dir='ltr'><strong>et</strong></span> <span class='ocrx_word' id='word_1_73' title='bbox 785 1772 976 1857; x_wconf 86' lang='lat' dir='ltr'><strong>propterea</strong></span> <span class='ocrx_word' id='word_1_74' title='bbox 987 1781 1114 1831; x_wconf 80' lang='lat' dir='ltr'><strong>omnes</strong></span> <span class='ocrx_word' id='word_1_75' title='bbox 1121 1770 1276 1829; x_wconf 85' lang='lat' dir='ltr'><strong>conatus</strong></span> <span class='ocrx_word' id='word_1_76' title='bbox 1287 1765 1384 1853; x_wconf 82' lang='lat' dir='ltr'><strong>atque</strong></span> 
     </span>
     <span class='ocr_line' id='line_1_13' title="bbox 321 1872 1383 1974; baseline -0.008 -23"><span class='ocrx_word' id='word_1_77' title='bbox 321 1876 432 1970; x_wconf 83' lang='lat' dir='ltr'><strong>vires,</strong></span> <span class='ocrx_word' id='word_1_78' title='bbox 453 1901 543 1974; x_wconf 84' lang='lat' dir='ltr'><strong>quas</strong></span> <span class='ocrx_word' id='word_1_79' title='bbox 561 1892 649 1949; x_wconf 88' lang='lat' dir='ltr'><strong>tunc</strong></span> <span class='ocrx_word' id='word_1_80' title='bbox 666 1873 800 1949; x_wconf 86' lang='lat' dir='ltr'><strong>habere</strong></span> <span class='ocrx_word' id='word_1_81' title='bbox 818 1889 976 1973; x_wconf 87' lang='lat' dir='ltr'><strong>poterat,</strong></span> <span class='ocrx_word' id='word_1_82' title='bbox 998 1872 1169 1972; x_wconf 80' lang='lat' dir='ltr'><strong>expendit</strong></span> <span class='ocrx_word' id='word_1_83' title='bbox 1191 1887 1250 1966; x_wconf 88' lang='lat' dir='ltr'><strong>ut,</strong></span> <span class='ocrx_word' id='word_1_84' title='bbox 1277 1887 1383 1944; x_wconf 89' lang='lat' dir='ltr'><strong>matu·</strong></span> 
     </span>
     <span class='ocr_line' id='line_1_14' title="bbox 323 1990 1384 2093; baseline -0.008 -23"><span class='ocrx_word' id='word_1_85' title='bbox 323 1994 398 2071; x_wconf 83' lang='lat' dir='ltr'><strong>rius</strong></span> <span class='ocrx_word' id='word_1_86' title='bbox 410 2017 485 2091; x_wconf 93' lang='lat' dir='ltr'><strong>quo</strong></span> <span class='ocrx_word' id='word_1_87' title='bbox 502 2009 642 2093; x_wconf 83' lang='lat' dir='ltr'><strong>posset,</strong></span> <span class='ocrx_word' id='word_1_88' title='bbox 658 1990 806 2069; x_wconf 81' lang='lat' dir='ltr'><strong>fratrem</strong></span> <span class='ocrx_word' id='word_1_89' title='bbox 820 2016 927 2065; x_wconf 88' lang='lat' dir='ltr'><strong>suum</strong></span> <span class='ocrx_word' id='word_1_90' title='bbox 943 1990 1228 2084; x_wconf 79' lang='lat' dir='ltr'><strong>Rothornago,·et</strong></span> <span class='ocrx_word' id='word_1_91' title='bbox 1246 2000 1323 2062; x_wconf 87' lang='lat' dir='ltr'><strong>tota</strong></span> <span class='ocrx_word' id='word_1_92' title='bbox 1336 2013 1384 2061; x_wconf 85' lang='lat' dir='ltr'><strong>ex·</strong></span> 
     </span>
     <span class='ocr_line' id='line_1_15' title="bbox 322 2106 1381 2208; baseline -0.002 -27"><span class='ocrx_word' id='word_1_93' title='bbox 322 2109 470 2208; x_wconf 86' lang='lat' dir='ltr'><strong>polleret</strong></span> <span class='ocrx_word' id='word_1_94' title='bbox 495 2109 728 2188; x_wconf 83' lang='lat' dir='ltr'><strong>Normannia.</strong></span> <span class='ocrx_word' id='word_1_95' title='bbox 750 2107 835 2187; x_wconf 86' lang='lat' dir='ltr'><strong>Vias</strong></span> <span class='ocrx_word' id='word_1_96' title='bbox 852 2107 960 2183; x_wconf 79' lang='lat' dir='ltr'><strong>etiam</strong></span> <span class='ocrx_word' id='word_1_97' title='bbox 976 2131 1102 2182; x_wconf 86' lang='lat' dir='ltr'><strong>omnes</strong></span> <span class='ocrx_word' id='word_1_98' title='bbox 1122 2120 1233 2202; x_wconf 85' lang='lat' dir='ltr'><strong>atque</strong></span> <span class='ocrx_word' id='word_1_99' title='bbox 1251 2106 1381 2192; x_wconf 83' lang='lat' dir='ltr'><strong>itinera,</strong></span> 
     </span>
    </p>
   </div>
   <div class='ocr_carea' id='block_1_2' title="bbox 322 2222 1385 2436">
    <p class='ocr_par' dir='ltr' id='par_1_3' title="bbox 322 2222 1385 2436">
     <span class='ocr_line' id='line_1_16' title="bbox 322 2222 1383 2321; baseline -0.008 -16"><span class='ocrx_word' id='word_1_100' title='bbox 322 2223 454 2319; x_wconf 74' lang='lat' dir='ltr'><strong>quihus</strong></span> <span class='ocrx_word' id='word_1_101' title='bbox 472 2224 519 2297; x_wconf 88' lang='lat' dir='ltr'><strong>ad</strong></span> <span class='ocrx_word' id='word_1_102' title='bbox 533 2239 665 2299; x_wconf 86' lang='lat' dir='ltr'><strong>terram</strong></span> <span class='ocrx_word' id='word_1_103' title='bbox 678 2223 780 2299; x_wconf 82' lang='lat' dir='ltr'><strong>ducis</strong></span> <span class='ocrx_word' id='word_1_104' title='bbox 797 2222 1010 2321; x_wconf 70' lang='lat' dir='ltr'><strong>burgundia</strong></span> <span class='ocrx_word' id='word_1_105' title='bbox 1021 2248 1063 2299; x_wconf 83' lang='lat' dir='ltr'><strong>ex</strong></span> <span class='ocrx_word' id='word_1_106' title='bbox 1080 2224 1306 2299; x_wconf 80' lang='lat' dir='ltr'><strong>Normannia</strong></span> <span class='ocrx_word' id='word_1_107' title='bbox 1328 2246 1383 2321; x_wconf 79' lang='lat' dir='ltr'><strong>pa·</strong></span> 
     </span>
     <span class='ocr_line' id='line_1_17' title="bbox 324 2337 1385 2436; baseline -0.003 -28"><span class='ocrx_word' id='word_1_108' title='bbox 324 2351 398 2409; x_wconf 91' lang='lat' dir='ltr'><strong>tere</strong></span> <span class='ocrx_word' id='word_1_109' title='bbox 417 2341 590 2436; x_wconf 90' lang='lat' dir='ltr'><strong>potuisset</strong></span> <span class='ocrx_word' id='word_1_110' title='bbox 616 2362 798 2431; x_wconf 84' lang='lat' dir='ltr'><strong>accessus,</strong></span> <span class='ocrx_word' id='word_1_111' title='bbox 825 2352 899 2410; x_wconf 93' lang='lat' dir='ltr'><strong>tam</strong></span> <span class='ocrx_word' id='word_1_112' title='bbox 924 2352 1046 2410; x_wconf 88' lang='lat' dir='ltr'><strong>exacta</strong></span> <span class='ocrx_word' id='word_1_113' title='bbox 1064 2339 1251 2434; x_wconf 78' lang='lat' dir='ltr'><strong>vigilantia</strong></span> <span class='ocrx_word' id='word_1_114' title='bbox 1275 2337 1385 2411; x_wconf 87' lang='lat' dir='ltr'><strong>obser·</strong></span> 
     </span>
    </p>
   </div>
   <div class='ocr_carea' id='block_1_3' title="bbox 318 2454 1388 4315">
    <p class='ocr_par' dir='ltr' id='par_1_4' title="bbox 322 2454 1388 3135">
     <span class='ocr_line' id='line_1_18' title="bbox 326 2454 1386 2553; baseline 0.002 -25"><span class='ocrx_word' id='word_1_115' title='bbox 326 2455 400 2528; x_wconf 85' lang='lat' dir='ltr'><strong>vari</strong></span> <span class='ocrx_word' id='word_1_116' title='bbox 420 2454 524 2548; x_wconf 81' lang='lat' dir='ltr'><strong>iecit,</strong></span> <span class='ocrx_word' id='word_1_117' title='bbox 544 2471 584 2527; x_wconf 89' lang='lat' dir='ltr'><strong>ut</strong></span> <span class='ocrx_word' id='word_1_118' title='bbox 608 2458 668 2528; x_wconf 84' lang='lat' dir='ltr'><strong>vix</strong></span> <span class='ocrx_word' id='word_1_119' title='bbox 691 2480 734 2527; x_wconf 89' lang='lat' dir='ltr'><strong>ex</strong></span> <span class='ocrx_word' id='word_1_120' title='bbox 755 2480 829 2530; x_wconf 84' lang='lat' dir='ltr'><strong>una</strong></span> <span class='ocrx_word' id='word_1_121' title='bbox 852 2455 1006 2529; x_wconf 88' lang='lat' dir='ltr'><strong>terrain</strong></span> <span class='ocrx_word' id='word_1_122' title='bbox 1032 2454 1183 2528; x_wconf 87' lang='lat' dir='ltr'><strong>alteram</strong></span> <span class='ocrx_word' id='word_1_123' title='bbox 1208 2455 1269 2528; x_wconf 87' lang='lat' dir='ltr'><strong>vel</strong></span> <span class='ocrx_word' id='word_1_124' title='bbox 1293 2456 1386 2553; x_wconf 79' lang='lat' dir='ltr'><strong>tepus</strong></span> 
     </span>
     <span class='ocr_line' id='line_1_19' title="bbox 322 2557 1387 2671; baseline 0.003 -31"><span class='ocrx_word' id='word_1_125' title='bbox 322 2571 472 2642; x_wconf 86' lang='lat' dir='ltr'><strong>transire</strong></span> <span class='ocrx_word' id='word_1_126' title='bbox 482 2572 666 2670; x_wconf 88' lang='lat' dir='ltr'><strong>potuisset.</strong></span> <span class='ocrx_word' id='word_1_127' title='bbox 679 2573 874 2645; x_wconf 84' lang='lat' dir='ltr'><strong>Firmatum</strong></span> <span class='ocrx_word' id='word_1_128' title='bbox 881 2571 1041 2671; x_wconf 82' lang='lat' dir='ltr'><strong>prolecto</strong></span> <span class='ocrx_word' id='word_1_129' title='bbox 1055 2586 1131 2644; x_wconf 86' lang='lat' dir='ltr'><strong>erat</strong></span> <span class='ocrx_word' id='word_1_130' title='bbox 1139 2557 1235 2644; x_wconf 82' lang='lat' dir='ltr'><strong>inter</strong></span> <span class='ocrx_word' id='word_1_131' title='bbox 1245 2587 1387 2670; x_wconf 84' lang='lat' dir='ltr'><strong>utraque</strong></span> 
     </span>
     <span class='ocr_line' id='line_1_20' title="bbox 323 2682 1386 2786; baseline 0.008 -29"><span class='ocrx_word' id='word_1_132' title='bbox 323 2682 488 2773; x_wconf 87' lang='lat' dir='ltr'><strong>dominia</strong></span> <span class='ocrx_word' id='word_1_133' title='bbox 497 2712 669 2785; x_wconf 84' lang='lat' dir='ltr'><strong>magnum</strong></span> <span class='ocrx_word' id='word_1_134' title='bbox 683 2702 719 2759; x_wconf 90' lang='lat' dir='ltr'><strong>et</strong></span> <span class='ocrx_word' id='word_1_135' title='bbox 733 2686 1044 2786; x_wconf 84' lang='lat' dir='ltr'><strong>expavescendum</strong></span> <span class='ocrx_word' id='word_1_136' title='bbox 1058 2687 1188 2779; x_wconf 90' lang='lat' dir='ltr'><strong>cbaos,</strong></span> <span class='ocrx_word' id='word_1_137' title='bbox 1201 2688 1251 2761; x_wconf 88' lang='lat' dir='ltr'><strong>ita</strong></span> <span class='ocrx_word' id='word_1_138' title='bbox 1262 2686 1386 2766; x_wconf 85' lang='lat' dir='ltr'><strong>utnutli</strong></span> 
     </span>
     <span class='ocr_line' id='line_1_21' title="bbox 323 2802 1388 2904; baseline 0.003 -30"><span class='ocrx_word' id='word_1_139' title='bbox 323 2827 368 2883; x_wconf 87' lang='lat' dir='ltr'><strong>ex</strong></span> <span class='ocrx_word' id='word_1_140' title='bbox 384 2814 459 2882; x_wconf 84' lang='lat' dir='ltr'><strong>uno</strong></span> <span class='ocrx_word' id='word_1_141' title='bbox 479 2803 517 2874; x_wconf 87' lang='lat' dir='ltr'><strong>in</strong></span> <span class='ocrx_word' id='word_1_142' title='bbox 533 2802 632 2877; x_wconf 90' lang='lat' dir='ltr'><strong>aliud</strong></span> <span class='ocrx_word' id='word_1_143' title='bbox 648 2803 783 2899; x_wconf 88' lang='lat' dir='ltr'><strong>absque</strong></span> <span class='ocrx_word' id='word_1_144' title='bbox 799 2804 971 2879; x_wconf 84' lang='lat' dir='ltr'><strong>eminenti</strong></span> <span class='ocrx_word' id='word_1_145' title='bbox 987 2805 1111 2877; x_wconf 90' lang='lat' dir='ltr'><strong>mortis</strong></span> <span class='ocrx_word' id='word_1_146' title='bbox 1121 2805 1287 2904; x_wconf 87' lang='lat' dir='ltr'><strong>periculo</strong></span> <span class='ocrx_word' id='word_1_147' title='bbox 1303 2820 1388 2878; x_wconf 80' lang='lat' dir='ltr'><strong>tran</strong></span> 
     </span>
     <span class='ocr_line' id='line_1_22' title="bbox 326 2917 1388 3017; baseline 0.003 -28"><span class='ocrx_word' id='word_1_148' title='bbox 326 2918 414 2990; x_wconf 86' lang='lat' dir='ltr'><strong>situs</strong></span> <span class='ocrx_word' id='word_1_149' title='bbox 429 2932 577 3017; x_wconf 87' lang='lat' dir='ltr'><strong>pateret.</strong></span> <span class='ocrx_word' id='word_1_150' title='bbox 589 2917 710 3008; x_wconf 80' lang='lat' dir='ltr'><strong>Quod,</strong></span> <span class='ocrx_word' id='word_1_151' title='bbox 722 2917 817 3016; x_wconf 90' lang='lat' dir='ltr'><strong>prob</strong></span> <span class='ocrx_word' id='word_1_152' title='bbox 834 2917 954 2991; x_wconf 89' lang='lat' dir='ltr'><strong>dolorl</strong></span> <span class='ocrx_word' id='word_1_153' title='bbox 969 2919 1089 3017; x_wconf 88' lang='lat' dir='ltr'><strong>plures</strong></span> <span class='ocrx_word' id='word_1_154' title='bbox 1102 2920 1212 2993; x_wconf 85' lang='lat' dir='ltr'><strong>setall</strong></span> <span class='ocrx_word' id='word_1_155' title='bbox 1224 2919 1388 3017; x_wconf 86' lang='lat' dir='ltr'><strong>objicien-</strong></span> 
     </span>
     <span class='ocr_line' id='line_1_23' title="bbox 326 3034 1384 3135; baseline 0.001 -31"><span class='ocrx_word' id='word_1_156' title='bbox 326 3047 379 3105; x_wconf 83' lang='lat' dir='ltr'><strong>tes</strong></span> <span class='ocrx_word' id='word_1_157' title='bbox 392 3035 566 3132; x_wconf 88' lang='lat' dir='ltr'><strong>periculo,</strong></span> <span class='ocrx_word' id='word_1_158' title='bbox 583 3035 904 3126; x_wconf 79' lang='lat' dir='ltr'><strong>tristi-etexitiahili</strong></span> <span class='ocrx_word' id='word_1_159' title='bbox 919 3035 1116 3108; x_wconf 83' lang='lat' dir='ltr'><strong>infortunio</strong></span> <span class='ocrx_word' id='word_1_160' title='bbox 1133 3034 1384 3135; x_wconf 85' lang='lat' dir='ltr'><strong>probaverunt.</strong></span> 
     </span>
    </p>

    <p class='ocr_par' dir='ltr' id='par_1_5' title="bbox 318 3136 1388 4315">
     <span class='ocr_line' id='line_1_24' title="bbox 379 3136 1388 3264; baseline 0.003 -43"><span class='ocrx_word' id='word_1_161' title='bbox 379 3151 489 3222; x_wconf 89' lang='lat' dir='ltr'><strong>Cessit</strong></span> <span class='ocrx_word' id='word_1_162' title='bbox 504 3151 610 3264; x_wconf 71' lang='lat' dir='ltr'><strong>igitur</strong></span> <span class='ocrx_word' id='word_1_163' title='bbox 627 3150 783 3224; x_wconf 82' lang='lat' dir='ltr'><strong>fraterno</strong></span> <span class='ocrx_word' id='word_1_164' title='bbox 800 3151 912 3224; x_wconf 83' lang='lat' dir='ltr'><strong>furori</strong></span> <span class='ocrx_word' id='word_1_165' title='bbox 929 3136 1036 3249; x_wconf 83' lang='lat' dir='ltr'><strong>atque</strong></span> <span class='ocrx_word' id='word_1_166' title='bbox 1058 3152 1178 3250; x_wconf 91' lang='lat' dir='ltr'><strong>impiis</strong></span> <span class='ocrx_word' id='word_1_167' title='bbox 1192 3154 1305 3226; x_wconf 85' lang='lat' dir='ltr'><strong>armis</strong></span> <span class='ocrx_word' id='word_1_168' title='bbox 1317 3153 1388 3254; x_wconf 82' lang='lat' dir='ltr'><strong>piis</strong></span> 
     </span>
     <span class='ocr_line' id='line_1_25' title="bbox 330 3264 1387 3368; baseline 0.008 -27"><span class='ocrx_word' id='word_1_169' title='bbox 330 3264 440 3341; x_wconf 85' lang='lat' dir='ltr'><strong>simus</strong></span> <span class='ocrx_word' id='word_1_170' title='bbox 450 3268 677 3343; x_wconf 88' lang='lat' dir='ltr'><strong>Normanniae</strong></span> <span class='ocrx_word' id='word_1_171' title='bbox 691 3266 781 3361; x_wconf 84' lang='lat' dir='ltr'><strong>dux,</strong></span> <span class='ocrx_word' id='word_1_172' title='bbox 793 3282 842 3361; x_wconf 86' lang='lat' dir='ltr'><strong>et,</strong></span> <span class='ocrx_word' id='word_1_173' title='bbox 858 3267 980 3341; x_wconf 88' lang='lat' dir='ltr'><strong>relicta</strong></span> <span class='ocrx_word' id='word_1_174' title='bbox 994 3268 1195 3368; x_wconf 86' lang='lat' dir='ltr'><strong>provincia,</strong></span> <span class='ocrx_word' id='word_1_175' title='bbox 1210 3269 1259 3342; x_wconf 89' lang='lat' dir='ltr'><strong>ad</strong></span> <span class='ocrx_word' id='word_1_176' title='bbox 1269 3269 1387 3349; x_wconf 82' lang='lat' dir='ltr'><strong>ducem</strong></span> 
     </span>
     <span class='ocr_line' id='line_1_26' title="bbox 329 3370 1387 3480; baseline 0.005 -24"><span class='ocrx_word' id='word_1_177' title='bbox 329 3380 491 3477; x_wconf 80' lang='lat' dir='ltr'><strong>confugit</strong></span> <span class='ocrx_word' id='word_1_178' title='bbox 504 3383 703 3456; x_wconf 80' lang='lat' dir='ltr'><strong>Britanniae.</strong></span> <span class='ocrx_word' id='word_1_179' title='bbox 714 3387 798 3474; x_wconf 83' lang='lat' dir='ltr'><strong>Quae</strong></span> <span class='ocrx_word' id='word_1_180' title='bbox 808 3370 891 3458; x_wconf 86' lang='lat' dir='ltr'><strong>cum</strong></span> <span class='ocrx_word' id='word_1_181' title='bbox 907 3384 955 3457; x_wconf 89' lang='lat' dir='ltr'><strong>ad</strong></span> <span class='ocrx_word' id='word_1_182' title='bbox 968 3370 1081 3457; x_wconf 53' lang='lat' dir='ltr'><strong>nos‘et</strong></span> <span class='ocrx_word' id='word_1_183' title='bbox 1092 3385 1251 3480; x_wconf 86' lang='lat' dir='ltr'><strong>collegas</strong></span> <span class='ocrx_word' id='word_1_184' title='bbox 1260 3399 1387 3461; x_wconf 71' lang='lat' dir='ltr'><strong>nosnos</strong></span> 
     </span>
     <span class='ocr_line' id='line_1_27' title="bbox 330 3500 1387 3606; baseline 0.001 -32"><span class='ocrx_word' id='word_1_185' title='bbox 330 3502 483 3576; x_wconf 84' lang='lat' dir='ltr'><strong>inlausta</strong></span> <span class='ocrx_word' id='word_1_186' title='bbox 504 3528 597 3579; x_wconf 76' lang='lat' dir='ltr'><strong>noua</strong></span> <span class='ocrx_word' id='word_1_187' title='bbox 621 3505 756 3604; x_wconf 88' lang='lat' dir='ltr'><strong>perlata</strong></span> <span class='ocrx_word' id='word_1_188' title='bbox 775 3500 935 3598; x_wconf 84' lang='lat' dir='ltr'><strong>luissent,</strong></span> <span class='ocrx_word' id='word_1_189' title='bbox 963 3503 1137 3603; x_wconf 88' lang='lat' dir='ltr'><strong>pluraque</strong></span> <span class='ocrx_word' id='word_1_190' title='bbox 1157 3531 1240 3604; x_wconf 84' lang='lat' dir='ltr'><strong>quae</strong></span> <span class='ocrx_word' id='word_1_191' title='bbox 1263 3531 1328 3606; x_wconf 88' lang='lat' dir='ltr'><strong>per</strong></span> <span class='ocrx_word' id='word_1_192' title='bbox 1346 3527 1387 3575; x_wconf 78' lang='lat' dir='ltr'><strong>re</strong></span> 
     </span>
     <span class='ocr_line' id='line_1_28' title="bbox 318 3607 1387 3729; baseline 0.001 -39"><span class='ocrx_word' id='word_1_193' title='bbox 318 3642 431 3729; x_wconf 53' lang='lat' dir='ltr'><strong>pem,</strong></span> <span class='ocrx_word' id='word_1_194' title='bbox 450 3634 532 3717; x_wconf 86' lang='lat' dir='ltr'><strong>post</strong></span> <span class='ocrx_word' id='word_1_195' title='bbox 553 3607 590 3691; x_wconf 83' lang='lat' dir='ltr'><strong>el</strong></span> <span class='ocrx_word' id='word_1_196' title='bbox 604 3635 731 3694; x_wconf 90' lang='lat' dir='ltr'><strong>contra</strong></span> <span class='ocrx_word' id='word_1_197' title='bbox 751 3645 827 3694; x_wconf 86' lang='lat' dir='ltr'><strong>ase</strong></span> <span class='ocrx_word' id='word_1_198' title='bbox 844 3620 1028 3695; x_wconf 86' lang='lat' dir='ltr'><strong>civitatum</strong></span> <span class='ocrx_word' id='word_1_199' title='bbox 1046 3635 1081 3694; x_wconf 92' lang='lat' dir='ltr'><strong>et</strong></span> <span class='ocrx_word' id='word_1_200' title='bbox 1102 3620 1326 3722; x_wconf 88' lang='lat' dir='ltr'><strong>oppidorum</strong></span> <span class='ocrx_word' id='word_1_201' title='bbox 1346 3643 1387 3691; x_wconf 83' lang='lat' dir='ltr'><strong>re</strong></span> 
     </span>
     <span class='ocr_line' id='line_1_29' title="bbox 331 3736 1386 3838; baseline 0.004 -29"><span class='ocrx_word' id='word_1_202' title='bbox 331 3751 519 3836; x_wconf 84' lang='lat' dir='ltr'><strong>ceptorum</strong></span> <span class='ocrx_word' id='word_1_203' title='bbox 530 3737 674 3832; x_wconf 80' lang='lat' dir='ltr'><strong>accolis,</strong></span> <span class='ocrx_word' id='word_1_204' title='bbox 690 3737 789 3816; x_wconf 84' lang='lat' dir='ltr'><strong>nulla</strong></span> <span class='ocrx_word' id='word_1_205' title='bbox 803 3736 896 3821; x_wconf 75' lang='lat' dir='ltr'><strong>facta</strong></span> <span class='ocrx_word' id='word_1_206' title='bbox 908 3739 1133 3838; x_wconf 86' lang='lat' dir='ltr'><strong>exceptione,</strong></span> <span class='ocrx_word' id='word_1_207' title='bbox 1145 3738 1249 3817; x_wconf 88' lang='lat' dir='ltr'><strong>datas</strong></span> <span class='ocrx_word' id='word_1_208' title='bbox 1267 3752 1304 3811; x_wconf 88' lang='lat' dir='ltr'><strong>et</strong></span> <span class='ocrx_word' id='word_1_209' title='bbox 1317 3762 1386 3838; x_wconf 82' lang='lat' dir='ltr'><strong>pm</strong></span> 
     </span>
     <span class='ocr_line' id='line_1_30' title="bbox 331 3830 1385 3956; baseline 0.004 -31"><span class='ocrx_word' id='word_1_210' title='bbox 331 3855 456 3927; x_wconf 87' lang='lat' dir='ltr'><strong>missas</strong></span> <span class='ocrx_word' id='word_1_211' title='bbox 475 3853 689 3927; x_wconf 81' lang='lat' dir='ltr'><strong>abolitiones</strong></span> <span class='ocrx_word' id='word_1_212' title='bbox 705 3868 813 3952; x_wconf 89' lang='lat' dir='ltr'><strong>atque</strong></span> <span class='ocrx_word' id='word_1_213' title='bbox 833 3830 1036 3929; x_wconf 69' lang='lat' dir='ltr'><strong>securitates</strong></span> <span class='ocrx_word' id='word_1_214' title='bbox 1048 3857 1294 3956; x_wconf 85' lang='lat' dir='ltr'><strong>plenissimas,</strong></span> <span class='ocrx_word' id='word_1_215' title='bbox 1318 3856 1385 3931; x_wconf 85' lang='lat' dir='ltr'><strong>satis</strong></span> 
     </span>
     <span class='ocr_line' id='line_1_31' title="bbox 332 3968 1384 4060; baseline 0.005 -18"><span class='ocrx_word' id='word_1_216' title='bbox 332 3968 521 4042; x_wconf 83' lang='lat' dir='ltr'><strong>crudeliter</strong></span> <span class='ocrx_word' id='word_1_217' title='bbox 534 3969 689 4043; x_wconf 82' lang='lat' dir='ltr'><strong>factitata</strong></span> <span class='ocrx_word' id='word_1_218' title='bbox 708 3985 825 4058; x_wconf 89' lang='lat' dir='ltr'><strong>erant,</strong></span> <span class='ocrx_word' id='word_1_219' title='bbox 847 3971 948 4044; x_wconf 92' lang='lat' dir='ltr'><strong>nullo</strong></span> <span class='ocrx_word' id='word_1_220' title='bbox 965 3970 1077 4060; x_wconf 89' lang='lat' dir='ltr'><strong>modo</strong></span> <span class='ocrx_word' id='word_1_221' title='bbox 1090 3986 1212 4046; x_wconf 90' lang='lat' dir='ltr'><strong>tutum</strong></span> <span class='ocrx_word' id='word_1_222' title='bbox 1223 3973 1384 4047; x_wconf 77' lang='lat' dir='ltr'><strong>existima</strong></span> 
     </span>
     <span class='ocr_line' id='line_1_32' title="bbox 330 4073 1384 4188; baseline 0.004 -28"><span class='ocrx_word' id='word_1_223' title='bbox 330 4089 448 4169; x_wconf 84' lang='lat' dir='ltr'><strong>vimus</strong></span> <span class='ocrx_word' id='word_1_224' title='bbox 473 4088 626 4188; x_wconf 87' lang='lat' dir='ltr'><strong>patriam</strong></span> <span class='ocrx_word' id='word_1_225' title='bbox 647 4103 735 4161; x_wconf 90' lang='lat' dir='ltr'><strong>tunc</strong></span> <span class='ocrx_word' id='word_1_226' title='bbox 756 4089 906 4163; x_wconf 79' lang='lat' dir='ltr'><strong>revisere</strong></span> <span class='ocrx_word' id='word_1_227' title='bbox 928 4073 970 4163; x_wconf 54' lang='lat' dir='ltr'><strong>‘et</strong></span> <span class='ocrx_word' id='word_1_228' title='bbox 989 4089 1058 4175; x_wconf 89' lang='lat' dir='ltr'><strong>illis</strong></span> <span class='ocrx_word' id='word_1_229' title='bbox 1079 4091 1240 4175; x_wconf 82' lang='lat' dir='ltr'><strong>cervices</strong></span> <span class='ocrx_word' id='word_1_230' title='bbox 1262 4105 1384 4171; x_wconf 77' lang='lat' dir='ltr'><strong>nostras</strong></span> 
     </span>
     <span class='ocr_line' id='line_1_33' title="bbox 332 4200 1384 4315; baseline 0.019 -42"><span class='ocrx_word' id='word_1_231' title='bbox 332 4200 512 4300; x_wconf 85' lang='lat' dir='ltr'><strong>objectare</strong></span> <span class='ocrx_word' id='word_1_232' title='bbox 545 4202 730 4302; x_wconf 78' lang='lat' dir='ltr'><strong>perindie,</strong></span> <span class='ocrx_word' id='word_1_233' title='bbox 771 4229 852 4303; x_wconf 77' lang='lat' dir='ltr'><strong>que</strong></span> <span class='ocrx_word' id='word_1_234' title='bbox 885 4205 1007 4289; x_wconf 85' lang='lat' dir='ltr'><strong>dietim</strong></span> <span class='ocrx_word' id='word_1_235' title='bbox 1044 4206 1179 4309; x_wconf 71' lang='lat' dir='ltr'><strong>maritos</strong></span> <span class='ocrx_word' id='word_1_236' title='bbox 1210 4207 1384 4315; x_wconf 70' lang='lat' dir='ltr'><strong>inmotae</strong></span> 
     </span>
    </p>
   </div>
   <div class='ocr_carea' id='block_1_4' title="bbox 0 0 1453 5070">
    <p class='ocr_par' dir='ltr' id='par_1_6' title="bbox 0 0 1453 5070">
     <span class='ocr_line' id='line_1_34' title="bbox 0 0 1453 5070; baseline 0 0"><span class='ocrx_word' id='word_1_237' title='bbox 0 0 1453 5070; x_wconf 95' lang='lat' dir='ltr'><strong> </strong></span> 
     </span>
    </p>
   </div>
  </div>
 </body>
</html>
