2946 5070
594 485 704 542 unsa
724 485 876 544 SEXTUS.
1206 487 1264 545 ¹23

205 644 288 691 rum
313 617 451 715 patriae,
471 617 509 687 in
531 618 722 689 exereitum
746 616 1024 690 Brabentionum
1038 617 1151 689 irruit.
1171 621 1260 711 Qui,

205 758 278 806 suae
295 733 491 805 molitionis
508 733 634 829 ignari,
654 756 737 806 eum
754 748 899 807 strenue
914 747 951 805 et
963 732 1109 804 viriliter
1120 756 1265 831 excepe-

205 864 307 943 runt,
325 849 462 947 fuitque
486 850 561 947 ipse
581 874 676 946 equo
699 849 855 946 dejectus
878 849 997 921 occiso
1011 847 1078 921 sub
1097 874 1153 939 se3
1178 848 1260 936 sed,

204 965 307 1065 quod
321 966 419 1037 triste
431 965 626 1037 victoribus
638 965 720 1058 fuit,
737 965 878 1063 adjutus
893 989 914 1037 a
931 965 1020 1057 suis,
1039 965 1159 1037 evasit.
1177 966 1264 1038 Caesi

204 1080 347 1154 filerunt
363 1083 400 1153 in
412 1105 457 1154 eo
468 1083 637 1155 conflictu
651 1083 746 1155 circa
757 1107 849 1155 cxxx
865 1081 911 1153 de
927 1081 1018 1170 suis,
1033 1080 1126 1179 capti
1137 1106 1260 1170 mxxi,

204 1200 321 1271 deteri
337 1199 404 1270 fusi
420 1222 465 1290 ac
481 1198 642 1297 dispersi.

254 1318 333 1413 lpse
350 1328 486 1404 autem,
513 1328 618 1387 nocte
635 1315 696 1387 illa
719 1339 784 1413 per
798 1313 912 1410 sylvas
930 1328 965 1385 et
985 1313 1080 1385 invia
1095 1313 1264 1386 errabun-

203 1429 292 1518 dus,
312 1431 468 1503 crastino
482 1431 519 1501 in
536 1431 713 1503 civitatem
733 1430 889 1501 intravit.
909 1428 960 1501 td
978 1453 1086 1526 quam
1103 1431 1131 1501 si
1152 1432 1263 1503 victo-

204 1568 262 1617 res
283 1569 389 1617 cursu
416 1569 571 1644 propero
597 1544 790 1619 adventare
814 1558 1011 1638 curassent,
1040 1560 1142 1616 erant
1169 1547 1263 1620 cives

203 1662 387 1759 utriusque
405 1685 524 1750 sertus,
554 1661 671 1760 pusilli
696 1676 732 1733 et
752 1661 890 1757 magni,
918 1660 956 1730 in
981 1660 1093 1758 portis
1114 1661 1263 1735 civitatis

203 1778 251 1852 ad
265 1803 328 1850 eos
345 1776 491 1877 pacifice
509 1777 743 1877 recipiendos.
763 1776 833 1848 Sed
846 1777 937 1868 boe,
958 1775 1262 1874 quemadmodum

202 1908 368 1993 perante,
387 1893 497 1966 altera
518 1895 595 1966 vice
616 1892 764 1965 minime
786 1893 954 1966 fecerunt.
977 1892 1079 1964 Unde
1095 1909 1130 1965 et
1145 1895 1263 1967 civita·

202 2010 248 2082 tis
260 2024 296 2083 et
311 2011 418 2082 totius
434 2011 554 2109 patriae
568 2024 675 2107 atque
693 2010 851 2108 ipsorum
862 2009 968 2081 etiam
983 2009 1261 2083 trabantionum

202 2150 279 2198 non
296 2126 409 2198 modo
424 2141 634 2224 prorogata,
660 2126 903 2198 verumetiam
930 2125 1080 2198 adaucta
1099 2141 1151 2197 est
1171 2128 1263 2201 eala·

201 2240 318 2314 mitas.
347 2240 529 2329 Quamdiu
561 2242 680 2314 enim¹
713 2255 787 2312 tam
811 2240 961 2314 ellemm
986 2256 1022 2313 et
1049 2243 1262 2315 acerrimum

201 2355 344 2429 hostem
356 2363 456 2454 juxta
472 2381 523 2449 se,
541 2357 617 2429 imo
631 2355 901 2453 quodammodo
918 2356 1011 2428 intra
1027 2357 1161 2429 viscera
1177 2381 1258 2448 sua,

201 2469 408 2562 habebant,
436 2495 511 2543 non
529 2495 653 2543 secure
676 2485 712 2543 et
734 2470 869 2568 absque
893 2493 1025 2569 pavore
1045 2485 1081 2543 et
1102 2472 1261 2569 periculo

202 2587 240 2658 in
257 2586 331 2658 suis
345 2588 508 2684 possunt¹
523 2586 578 2658 vel
598 2586 707 2680 agris,
724 2587 780 2658 vel
798 2585 939 2686 oppidis
955 2587 1147 2682 quiescere.

250 2701 373 2774 Delusi
407 2701 527 2798 itaque
558 2701 731 2773 hactenus
764 2701 1002 2798 Trajectenses
1033 2702 1140 2774 etiam
1174 2727 1257 2802 spe,

201 2840 312 2915 quam
332 2817 370 2887 in
393 2816 523 2889 auxilio
538 2815 624 2888 dicti
647 2815 804 2912 sacrilegi
826 2817 967 2912 tyranni
991 2816 1195 2889 leodiensis
1210 2833 1263 2889 ut·

201 2952 357 3028 eumque
372 2947 621 3029 reposuerant,
638 2955 745 3029 quem
757 2929 845 3002 falso
859 2931 1060 3027 frequenter
1077 2931 1260 3005 victoriam

201 3042 248 3117 de
276 3045 574 3120 Brabantionibus
599 3045 862 3118 mentiebantur
888 3046 1104 3137 obtinuisse,
1132 3048 1261 3121 nihilo·

200 3161 321 3232 minus
346 3163 383 3233 in
413 3185 481 3237 sua
499 3161 739 3234 obstinatione
762 3160 958 3251 durabant,
988 3162 1259 3261 tolerabantque

201 3278 380 3350 caristiam
400 3294 436 3350 et
460 3278 590 3353 famem
616 3280 857 3378 plurimasque
878 3279 1031 3369 inedias;
1059 3278 1104 3352 de
1129 3279 1259 3378 quibus

201 3391 370 3466 omnibus
382 3394 502 3484 facile,
521 3396 550 3468 si
563 3419 638 3466 non
660 3419 721 3467 eos
734 3394 929 3493 pertinacia
939 3419 1002 3468 sua
1020 3396 1205 3487 tenuisset,
1221 3422 1259 3469 se

200 3509 353 3581 eximere
367 3526 404 3583 et
419 3526 564 3609 pacatos
581 3509 730 3583 reddere
746 3511 953 3609 potuissent.

240 3740 269 3796 l.
295 3740 350 3794 lis.
366 3744 464 3796 etiam.

239 3832 270 3888 2.
293 3830 388 3888 Plutdt
400 3845 543 3906 poterant.
