2946 5070
568 481 678 540 LIBER
698 479 887 537 seruitus.
1207 482 1260 537 111

198 616 261 688 vid
281 617 380 712 (erat
408 615 505 688 enim
523 613 640 685 David
659 635 792 683 nornen
816 610 943 709 ipsius)
969 625 1086 708 partes
1105 610 1261 700 babere,

199 731 257 803 vel
271 724 470 830 quidquam
489 728 534 800 de
550 752 594 800 eo
615 727 751 800 audire.
767 728 972 823 Fuissetque
991 726 1048 797 ille
1063 726 1262 816 virbonus,

198 848 263 944 qui
285 847 475 919 consilium
496 845 541 918 de
558 870 602 917 eo
627 843 843 916 accersendo
865 843 1136 931 acclamarat,a
1160 842 1266 915 turba

199 960 353 1033 laniatus
378 975 415 1032 et
438 984 649 1058 oppressus,
679 958 746 1030 nisi
773 974 911 1045 mature
935 983 973 1030 se
995 957 1219 1032 absentando
1244 983 1265 1030 a

200 1075 307 1148 turba
329 1101 394 1174 per
413 1076 591 1148 occultam
609 1073 729 1169 sugam
744 1073 838 1146 elabi
853 1075 1038 1172 potuisset.

249 1192 366 1263 Altero
387 1206 507 1264 autem
522 1189 639 1286 quod,
654 1215 739 1263 cnm
760 1190 917 1279 idolum,
940 1189 1040 1286 quod
1055 1189 1123 1262 sibi
1139 1191 1266 1262 adver·

199 1332 282 1379 sum
294 1307 462 1379 eumdem
478 1304 686 1404 pontificem
700 1307 908 1378 invexerant
920 1321 1026 1401 atque
1043 1311 1262 1397 erexerant¹,

199 1423 248 1497 ad
270 1448 334 1496 eos
352 1424 504 1496 misisset
525 1423 728 1521 pacandos,
747 1423 894 1518 singuiis
913 1421 1090 1494 artificum
1109 1423 1267 1519 collegiis

199 1539 462 1612 adhibendum
477 1565 589 1628 unum
607 1540 746 1612 dolium
764 1527 918 1611 cervisiae
935 1565 972 1611 se
995 1540 1173 1638 pollicitus
1195 1541 1266 1614 da-

200 1669 340 1749 turum,
355 1657 519 1754 protinus
537 1657 575 1726 in
590 1680 671 1728 eam
685 1655 868 1727 stultitiam
882 1655 1011 1754 relapsi
1026 1670 1109 1728 sunt
1126 1671 1166 1729 ut
1183 1682 1266 1730 eum

159 1858 167 1871 .
199 1771 248 1844 ad
266 1772 415 1843 domum
437 1772 490 1844 sui
512 1772 718 1845 consulatus
733 1772 907 1865 accirent,
925 1771 1064 1871 sibique
1081 1788 1266 1872 portarum

199 1887 380 1977 civitatis,
394 1911 484 1983 quas
500 1888 655 1960 tulerant
670 1911 692 1959 a
707 1887 779 1993 suis
794 1890 972 1986 tyrannis,
988 1889 1105 1960 claves
1117 1892 1268 1987 resigna·

200 2019 293 2091 rent,
316 2022 423 2102 atque
439 2004 622 2076 fidelitatis
633 2021 855 2079 sacramenta
872 2005 964 2076 ultro
985 2005 1018 2076 ei
1039 2020 1264 2103 prasmrent;

200 2124 264 2220 qui
292 2128 403 2195 aetatis
433 2123 573 2195 circiter
596 2147 776 2196 annorum
802 2148 910 2212 xvrn,
938 2147 1004 2194 nec
1033 2121 1174 2217 litteris,
1201 2150 1267 2197 nec

200 2240 353 2313 naturali
376 2240 566 2339 prudentia
588 2239 644 2312 rel
671 2228 834 2313 moribus
852 2240 933 2312 ullis
951 2238 1113 2339 probatis
1134 2243 1267 2315 emine-

199 2355 277 2429 bat.
295 2362 379 2445 Quo
396 2357 503 2448 lacto,
523 2370 607 2427 cum
625 2357 692 2454 ipsi
709 2370 806 2429 certo
826 2381 978 2428 numero
994 2354 1176 2428 doliorum
1189 2382 1266 2429 cer·

200 2473 313 2564 vina,
342 2498 421 2569 quae
441 2473 492 2544 eis
514 2474 689 2571 promissa
707 2473 838 2563 suerat,
863 2497 946 2545 suos
966 2487 1107 2545 ventres
1123 2473 1266 2572 imples·

199 2603 279 2661 sent
295 2591 393 2687 (quae
405 2603 525 2661 tamen
541 2591 607 2688 ipsi
624 2589 803 2661 exsolvere
817 2603 940 2686 postea
954 2589 1130 2687 compulsi
1145 2591 1265 2682 sunt),

200 2703 249 2781 ab
267 2705 421 2777 invicem
437 2704 678 2793 discedentes,
696 2705 733 2775 in
760 2703 891 2776 domos
911 2727 992 2775 suas
1014 2704 1144 2799 singuli
1168 2703 1265 2777 abie-

201 2836 298 2892 runi.

251 2937 377 3010 Statim
393 2960 480 3008 vero
497 2936 622 3008 solutis
637 2959 658 3006 e
675 2959 833 3026 carcere,
849 2959 941 3034 quos
953 2935 1020 3033 ipsi
1034 2934 1263 3029 incluserant,

201 3068 238 3126 et
260 3079 345 3125 suos
368 3053 592 3149 magistratus
617 3052 725 3122 etiarn
752 3076 835 3122 cum
860 3050 1035 3149 ampliore
1055 3053 1266 3126 auctoritate

201 3167 514 3271 recuperantibus‚
532 3168 656 3267 paucis
671 3167 809 3239 effluxis
820 3166 967 3262 diebus,
987 3193 1060 3241 uno
1075 3194 1117 3240 ex
1132 3169 1189 3242 his
1204 3172 1267 3269 qui

201 3286 411 3384 colligenda
429 3300 464 3356 et
480 3283 710 3382 aggregandas
726 3283 873 3383 plebeiae
889 3284 1126 3356 multitudinis
1142 3302 1267 3359 auctor

201 3403 397 3488 exstiterat,
418 3401 671 3500 tyrannisque'
698 3400 894 3498 suspectior
914 3400 1128 3492 habebatur,
1151 3405 1267 3502 capite

202 3516 309 3616 plexo
333 3517 419 3613 (snb
446 3531 616 3616 praetextu
644 3531 764 3588 tamen
794 3517 945 3588 aliorum
971 3519 1162 3591 criminum
1187 3507 1266 3616 buae

203 3659 298 3706 unus
321 3648 539 3734 perpetrasse
566 3631 783 3729 serebatur),
810 3632 870 3705 alii
895 3658 1024 3706 novem
1049 3634 1173 3708 banno
1200 3663 1265 3736 pu·

201 3748 300 3825 blico
319 3751 509 3850 proscripti
527 3765 621 3821 sunt.

247 3868 329 3937 lloc
356 3865 519 3963 quidem·
533 3890 647 3936 unum
674 3865 710 3935 in
742 3876 795 3936 tot
822 3891 948 3938 eorum
976 3867 1078 3939 malis
1101 3866 1263 3960 bonurn,

246 4129 275 4184 1.
298 4125 444 4206 Engilbert
458 4126 617 4186 declives.

247 4221 276 4278 2.
300 4219 394 4278 Ptunt
407 4233 534 4277 autores
546 4221 729 4290 exstiterant,
744 4225 872 4292 tirannis
885 4226 945 4297 qni,
