2946 5070
326 488 392 545 ,196
606 483 861 542 msronmttnt
881 483 1058 540 tunovtct
1078 483 1121 540 xl

333 619 495 717 quentia,
515 631 551 689 et
567 618 615 688 rei
636 615 769 688 bellicoe
786 616 911 714 peritia
931 639 1013 685 curn
1037 613 1168 709 ingenti
1186 615 1300 685 animi
1317 640 1388 686 ma·

333 732 516 830 gnitudine
525 748 630 830 atque
643 732 804 805 audacia.
818 731 896 802 Fuit
907 729 1015 820 enirn,
1029 742 1070 800 ut
1078 729 1262 801 Sallustius
1274 732 1387 824 refert,

331 849 505 923 facundus
520 864 555 921 et
571 849 739 940 callidus,
758 848 862 944 eique
886 845 1035 917 altitudo
1057 843 1277 918 incredibilis
1298 849 1389 944 inge·

297 990 300 997 ·
332 968 380 1038 nii
399 994 406 1035 :
429 991 507 1063 quae
523 963 668 1062 quidem
686 964 822 1058 magnis
838 962 1022 1060 praeconiis
1038 961 1240 1034 extollenda
1257 963 1388 1057 forent,

331 1084 380 1175 si,
400 1081 494 1153 civili
510 1081 657 1152 victoria
675 1080 866 1151 clementer
885 1102 990 1169 usus,
1015 1101 1089 1148 non
1107 1078 1216 1150 etiam
1238 1103 1340 1152 arma
1357 1082 1390 1152 in

330 1197 382 1270 rei
399 1194 550 1294 publicae
569 1194 763 1292 perniciem
789 1208 824 1265 et
852 1193 984 1265 civium
1002 1193 1212 1288 sanguinem
1241 1195 1391 1268 nimium

330 1311 523 1385 crudeliter
538 1312 778 1383 convertisset.

378 1429 603 1524 Dionysium,
622 1418 845 1498 Siculorum*¹
861 1425 1011 1498 alterum
1026 1440 1233 1522 tyrannum,
1246 1427 1394 1525 legimus

328 1541 436 1613 etiam
452 1538 599 1610 doctum
609 1552 645 1609 et
656 1537 848 1608 litteratum
866 1536 970 1608 fuisse
991 1563 998 1605 :
1017 1537 1115 1609 unde
1134 1536 1269 1632 ejectus
1285 1564 1393 1635 regno

328 1670 476 1755 postea,
510 1653 606 1752 apud
634 1652 848 1726 Corinthum
883 1651 1072 1744 exsulans,
1100 1677 1234 1751 pueros
1265 1654 1395 1729 litteras

328 1772 464 1845 docuit.

378 1887 485 1979 Nero,
505 1890 685 1959 Romanus
709 1885 915 1982 imperator,
939 1885 1002 1982 qui
1020 1884 1188 1981 singulari
1207 1886 1395 1982 tyrannide

258 2018 263 2025 ‘
328 2018 364 2075 et
379 2002 586 2075 crudelitate
611 2000 797 2094 insignitus
814 1999 979 2090 habetur,
1003 2000 1122 2072 multae
1141 1999 1349 2075 litteratum
1363 2019 1395 2075 et

329 2118 539 2216 eloquentiae
556 2116 640 2207 luit,
654 2130 694 2187 nt
704 2115 927 2211 Tranquillus
944 2114 1068 2208 refert,
1086 2116 1349 2216 tragoediasque
1363 2135 1397 2191 et

330 2235 525 2308 comoedias
553 2258 662 2329 graece
686 2248 723 2304 et
756 2233 864 2305 latine
888 2233 1044 2330 pondere
1071 2248 1178 2332 atque
1207 2235 1396 2309 decantare

330 2353 454 2440 scivit,
472 2351 521 2421 ita
539 2363 578 2420 ut
592 2349 822 2420 histrionatus
839 2364 873 2421 et
889 2351 1040 2421 mimicae
1053 2351 1137 2422 artis
1151 2351 1396 2425 excellentiam

331 2467 398 2539 sihi
423 2491 489 2565 pro
514 2463 668 2538 maxima
690 2481 871 2560 arrogaret
892 2467 1020 2563 gloria,
1041 2481 1265 2564 certaretque
1289 2470 1326 2541 in
1345 2470 1396 2541 his

331 2584 466 2657 artibus
481 2608 546 2681 per
561 2579 667 2654 urbes
687 2596 722 2653 et
742 2581 880 2653 theatra
898 2582 1066 2654 excellere
1084 2581 1220 2682 [supra]
1236 2599 1393 2657 cunctos.

383 2704 425 2770 Et
442 2701 490 2770 ita
504 2699 540 2768 iu
560 2696 726 2768 omnibus
743 2697 852 2769 ferme
867 2722 957 2795 quos
972 2697 1127 2770 famosos
1138 2685 1205 2770 sua
1219 2701 1398 2797 tyrannis'

332 2815 498 2906 reddidit,
519 2815 589 2885 est8
605 2812 739 2907 aliquid
756 2814 928 2905 invenire,
948 2814 1045 2885 unde
1059 2815 1187 2886 merito
1207 2816 1325 2889 laudis
1341 2818 1396 2890 ali·

333 2931 420 3029 quid
438 2927 669 3001 tribuendum
687 2942 779 3020 erat,
804 2931 924 3002 sinon
948 2929 1035 3003 illud
1051 2934 1398 3014 suarumcrudelita·

210 3122 213 3133 ,
332 3061 410 3118 turn
424 3045 625 3116 immanitas
640 3043 873 3116 obscurasset.

385 3166 424 3231 ln
441 3160 512 3231 hoc
528 3184 611 3231 vero
626 3158 822 3250 LndovicO,
842 3185 925 3232 cum
937 3160 999 3231 diu
1013 3161 1236 3260 multumque
1247 3164 1399 3238 laboras·
1428 3159 1430 3163 ⁸

336 3295 453 3342 sentus
471 3285 511 3340 ut
525 3268 662 3365 aliquid
677 3268 774 3341 laudi
792 3273 918 3343 merito
941 3286 1043 3365 esset,
1063 3271 1153 3344 nihil
1167 3299 1317 3372 prorsus
1333 3276 1397 3349 tale

337 3384 442 3458 nobis
467 3409 653 3457 occurrere
676 3387 804 3483 potuit.
835 3390 926 3458 Nam
947 3387 1119 3459 litteratus
1147 3390 1298 3464 minime
1315 3393 1395 3481 luit,

337 3501 401 3574 sed
417 3501 535 3573 minus
550 3501 741 3597 eloquens3
764 3502 852 3573 nihil
868 3504 1000 3600 quippe
1020 3504 1170 3575 omnino
1188 3506 1398 3604 eloquentiae

337 3615 482 3706 hahuit,
503 3641 548 3689 ne
569 3617 606 3686 in
629 3616 766 3711 vulgari
782 3616 928 3714 quidem
945 3643 1122 3691 sermone.
1147 3623 1292 3694 Nullam
1316 3648 1397 3695 vero

337 3727 515 3801 bellorum
528 3729 689 3828 peritiam
702 3732 758 3801 vel
772 3732 882 3803 arrimi
899 3731 1180 3827 magnitudinem
1193 3735 1351 3808 ostendit
1365 3761 1398 3806 se

338 3843 483 3917 hahere.
505 3849 584 3915 Non
609 3845 729 3917 dilexit
750 3847 926 3944 principes
947 3849 1127 3942 sanguinis
1151 3864 1186 3920 et
1211 3853 1312 3947 regni
1328 3853 1396 3941 sui,

379 4049 408 4105 l.
432 4049 486 4104 tts.
502 4048 692 4106 sicioneorum.

377 4142 408 4197 2.
431 4143 484 4197 llls.
500 4160 567 4197 srtttr
579 4156 723 4216 tyrannum

381 4234 411 4292 3.
433 4234 487 4290 tls.
504 4247 542 4289 et.
