2946 5070
101 442 158 499 37⁸
527 441 733 511 seotooln,

148 570 222 642 Alia
232 584 297 661 est,
316 569 416 666 quod
431 570 468 639 in
485 594 711 668 quacumque
723 593 842 659 causa,
860 570 935 640 sive
946 568 995 640 de
1012 570 1175 668 proprie·

100 700 184 778 tate,
213 687 284 758 sive
315 686 359 758 de
389 686 624 784 possessione,
655 687 727 757 sive
753 685 799 757 de
827 711 952 758 annuo
979 710 1096 758 censu
1121 689 1175 759 vel

100 802 236 896 reditu,
264 817 326 875 aut
349 803 428 899 jure
460 804 510 874 rei
536 802 730 875 immobilis
750 802 1064 900 qualitercumque
1089 829 1175 901 aga·

99 934 169 1007 tur,
199 918 357 991 nullasu
380 919 635 991 condemnatio
660 944 913 1018 expensarum,
942 945 1029 990 cum
1053 936 1176 993 tamen

100 1059 173 1105 non
192 1035 375 1106 omittatur
390 1037 503 1107 victus
518 1035 680 1108 mulctari
696 1036 860 1134 pecunia.
877 1039 928 1107 lta
948 1034 989 1106 fit
1001 1052 1043 1106 ut
1057 1039 1176 1111 nullus

98 1173 335 1250 expensarum
354 1153 546 1248 metu„qui
567 1152 699 1223 multos
720 1175 811 1249 saepe
827 1151 977 1223 retrahit
999 1176 1024 1223 a
1039 1153 1174 1249 litigan-

36 1292 48 1319 ·,
98 1263 165 1352 do,
185 1264 258 1337 sive
276 1266 418 1363 agendo
434 1267 507 1338 sive
525 1266 752 1339 defendendo
772 1266 1007 1362 cohibeatur3
1026 1269 1090 1345 sed
1112 1295 1172 1342 au·

98 1380 220 1456 dacter
240 1384 497 1480 unusquisque,
516 1408 627 1481 aquo
645 1409 772 1456 oensus
792 1383 921 1479 aliquis
937 1384 1093 1456 domiuo
1109 1412 1173 1459 suo

98 1514 160 1575 aut
171 1500 230 1596 jus
246 1500 343 1573 aliud
363 1500 529 1590 debetur,
548 1516 675 1574 contra
693 1501 883 1573 dominum
898 1515 962 1573 aut
982 1503 1174 1577 concivem

97 1639 158 1687 seu
184 1616 344 1689 vicinum
375 1643 480 1690 suum
507 1617 632 1713 litiget,
661 1632 777 1689 certus
798 1615 917 1712 quod,
940 1618 1006 1688 etsi
1038 1619 1174 1692 nullam

98 1732 324 1832 probabilem
340 1759 482 1808 causam
496 1733 658 1830 litigandi
674 1758 756 1805 eum
774 1731 942 1805 habuisse
958 1736 1172 1824 constiterit,

97 1847 188 1922 liber
213 1865 333 1922 tamen
357 1850 517 1923 manebit
541 1875 563 1922 a
586 1850 888 1922 condemnatione
914 1873 1171 1947 expensarum.

98 1967 149 2037 Ex
169 1990 242 2062 quo
266 1966 390 2039 dietim
413 1967 532 2038 evenit
554 1981 611 2055 ut,
631 1968 660 2037 si
676 1966 755 2063 quis
773 1989 918 2036 censum
943 1966 1056 2037 unius
1072 1968 1176 2039 solidi

98 2084 267 2181 prosequi
281 2083 452 2181 litigando
466 2084 631 2175 voluerit,
648 2108 731 2153 cum
743 2082 864 2180 patriae
875 2082 1173 2176 consuetudines,

15 2231 18 2236 ·
98 2218 134 2275 et
148 2206 331 2302 potissime
343 2203 407 2276 ubi
422 2204 578 2276 ostensio
596 2228 659 2275 seu
672 2201 843 2276 exhibitio
857 2201 1028 2281 locorum
1044 2205 1195 2301 petitur.

101 2319 424 2417 (quemadmodum
441 2320 647 2416 regulariter
660 2321 697 2391 in
719 2317 887 2390 omnibus
906 2317 1045 2390 talibus
1062 2323 1175 2393 causis

96 2434 176 2511 fieri
191 2435 311 2530 solet),
324 2435 401 2506 lites
414 2449 475 2505 aut
488 2435 713 2530 longissimas
723 2434 852 2506 saciant
860 2447 922 2504 aut
933 2434 1172 2527 immortales,

99 2566 206 2649 atque
223 2551 418 2622 diutissime
431 2565 641 2648 prosecutus
653 2575 797 2622 catrsam
811 2572 925 2637 suam,
941 2549 1094 2621 tandem
1108 2577 1172 2648 pro

99 2688 137 2735 se
153 2664 365 2735 sententiam
383 2662 597 2755 obtinuerit,
620 2687 704 2740 cum
724 2662 829 2734 nuilae
845 2658 914 2731 sibi
932 2660 1173 2734 refundantur

99 2804 274 2878 expensae,
294 2779 395 2851 illum
423 2780 512 2851 tanti
535 2778 662 2849 emerit
676 2778 800 2873 quanti
822 2777 948 2848 decem
973 2777 1031 2849 vel
1050 2779 1172 2874 viginti

103 2894 205 2967 initio
234 2895 304 2967 litis
333 2895 378 2967 de
406 2894 585 2992 pecuniis,
614 2917 703 2989 quas
727 2891 898 2990 litigando
924 2896 1169 2992 consumpsit,

99 3037 217 3084 emere
231 3013 421 3111 potuisset3
438 3026 473 3084 et
487 3012 549 3103 sic,
567 3037 651 3082 cum
662 3011 775 3082 victor
786 3035 859 3081 esse
870 3012 1096 3108 putetur(uti
1110 3037 1173 3110 par

99 3130 217 3222 esset),
247 3130 360 3201 victus
381 3144 500 3200 tamen
528 3128 826 3227 perniciosissime
850 3141 885 3199 et
911 3152 997 3198 cum
1013 3131 1171 3201 maximo

100 3242 154 3312 sui
186 3241 401 3315 detrimento
430 3257 614 3315 remaneat
642 3269 649 3311 :
682 3243 839 3314 lucretur
869 3267 985 3313 unum
1014 3244 1172 3316 solidum

100 3380 244 3450 census,
264 3383 330 3455 pro
348 3384 422 3455 quo
439 3360 557 3431 forsan
575 3362 737 3430 centum¹
755 3372 817 3429 aut
835 3360 990 3458 amplius
1005 3363 1173 3460 perdide·

100 3473 158 3567 rit,
176 3487 211 3544 et
224 3472 301 3545 haec
317 3473 404 3547 dolo
419 3490 455 3547 et
472 3475 631 3572 nequitia
641 3474 832 3549 adversarii
844 3490 906 3548 aut
920 3476 1046 3549 saltem
1061 3480 1173 3577 ipsius

101 3591 313 3685 temeritate,
341 3616 420 3687 quae
443 3607 538 3666 certe
558 3593 684 3664 victori
710 3591 885 3666 damnosa
910 3618 985 3666 esse
1013 3620 1090 3667 uon
1108 3596 1172 3668 de-

100 3706 213 3781 beret.

142 3919 170 3971 t.
195 3917 233 3973 Ce
254 3915 357 3974 chistre
374 3915 411 3973 de
424 3927 489 3973 cent
507 3935 575 3974 sous
597 3915 774 3994 correspond
787 3935 823 3973 au
841 3917 967 3994 premier
980 3928 1074 3975 terme
1089 3918 1127 3976 de
1140 3918 1168 3977 ia

101 4010 280 4088 supposition
298 4010 366 4069 saite
388 4008 460 4068 dans
483 4009 511 4067 ie
527 4007 657 4067 membre
670 4009 707 4068 de
721 4009 826 4088 phrase
839 4009 1013 4088 precedent,
1032 4039 1045 4062 ι
1063 4012 1165 4088 quami

100 4107 194 4161 decem
215 4106 263 4163 vet
286 4105 389 4184 viginti
406 4124 504 4164 emere
516 4105 666 4183 potuisset.
683 4131 699 4160 ι
716 4111 771 4165 Les
791 4109 913 4165 censau
928 4116 978 4163 xv·
992 4106 1081 4165 siecle
1095 4129 1167 4187 rap-

102 4199 243 4275 portaicut
257 4220 292 4257 eu
309 4219 453 4276 moyeune
469 4203 506 4261 10
521 4203 667 4277 pour100
683 4200 722 4259 du
736 4202 801 4281 prix
814 4202 851 4262 dc
867 4201 931 4260 leur
944 4202 1132 4278 acquisitione.
