2946 5070
571 496 681 551 LIBER
709 495 910 555 securibus.
1217 499 1270 558 stt

260 628 403 701 Fallitur
417 629 536 728 itaque
552 644 587 702 et
601 630 708 727 longe
721 652 744 704 a
759 631 905 703 veritate
918 629 1073 723 aberrat,
1090 633 1218 732 siquis
1231 661 1274 708 ex

212 744 517 844 persecutionibus
533 759 570 819 et
591 747 790 841 calumniis,
811 766 900 845 quas
912 772 956 820 ex
971 762 1071 848 parte
1088 774 1196 849 supra
1212 776 1275 825 re-

212 863 373 958 tulimus,
399 888 593 967 cursusque
621 865 699 936 vitae
724 864 1050 963 quantulacumque
1076 869 1274 943 mutatione

213 1004 292 1073 nos,
308 981 431 1052 animo
450 980 579 1053 tractos
592 1004 654 1053 seu
672 980 840 1078 dejectos,
855 1006 929 1054 esse
941 981 1118 1057 ullatenus
1135 999 1197 1058 aut
1211 987 1276 1059 mi-

211 1096 377 1170 serosvel
392 1096 549 1170 infelices
565 1097 754 1191 existimet,
775 1097 863 1196 quin
879 1099 1011 1196 potius,
1034 1114 1074 1171 ut
1086 1103 1274 1199 Apostolus

211 1212 346 1308 inquit,
375 1213 535 1285 «omnia
563 1226 726 1312 potentes
751 1214 788 1284 in
818 1237 862 1286 eo
889 1215 952 1311 qui
981 1240 1049 1287 nos
1076 1217 1270 1315 confortat,

210 1327 317 1400 etiam
338 1328 375 1398 in
396 1328 602 1426 hujusmodi
619 1328 909 1404 tribulationibus
928 1332 1138 1426 gloriamur;
1160 1364 1178 1400 s
1195 1360 1274 1431 gra-

210 1444 276 1516 tias
298 1446 336 1515 in
359 1444 529 1518 omnibus
551 1436 629 1519 Deo
652 1462 813 1544 agentes,
838 1449 900 1546 qui
915 1472 980 1522 sua
994 1449 1151 1549 piissima
1169 1452 1271 1524 mise·

210 1563 346 1636 ratione
366 1589 442 1636 non
463 1566 635 1664 permittit
655 1589 723 1637 nos
743 1567 873 1640 tentari
894 1590 1002 1666 supra
1021 1566 1122 1663 quod
1143 1593 1272 1667 possu-

208 1705 301 1775 mus,
322 1708 366 1755 eo
386 1682 552 1778 juvante,
577 1683 764 1777 sustinere3
785 1682 848 1755 sed
871 1682 1047 1755 iacturum
1063 1708 1147 1756 eurn
1164 1686 1272 1759 etiam

209 1797 383 1870 audenter
396 1796 612 1870 confidimus
625 1822 708 1870 cum
717 1800 913 1872 tentatione
921 1814 1150 1898 proventum.
1163 1803 1272 1891 Quod

207 1913 354 1985 enimin
372 1915 534 2012 praesenti
553 1929 845 1988 momentaneum
858 1929 911 1987 est
926 1930 962 1987 et
978 1917 1056 1988 leve
1070 1915 1270 1992 tribulatio·

208 2032 262 2103 nis
278 2047 419 2125 nostrae,
442 2056 548 2131 supra
575 2033 727 2106 modum
747 2035 785 2105 in
803 2033 1019 2107 sublimitate
1039 2051 1177 2108 aeternae
1193 2037 1270 2133 glo·

206 2149 266 2219 riae
292 2147 435 2246 pondus
462 2160 632 2248 operatur
647 2151 684 2223 in
713 2149 819 2222 nobis
844 2175 918 2223 non
945 2153 1271 2253 contemplantibus

206 2287 285 2360 quae
300 2264 480 2358 videntur,
501 2266 662 2364 sed-'quae
677 2256 756 2339 ¹non
783 2267 961 2339 videntur.
990 2272 1077 2356 Quae
1100 2270 1198 2341 enim
1221 2271 1270 2341 vi·
1382 2294 1384 2305 ·

205 2380 348 2475 dentur,
373 2384 584 2483 temporalia
606 2400 706 2474 sunt3
732 2410 811 2484 quae
838 2400 958 2459 autern
984 2410 1063 2458 non
1087 2385 1266 2481 videntur,

204 2512 345 2573 aeterna.
624 2516 629 2525 “
822 2525 825 2532 ’

559 2797 818 2869 CAPITULUM
856 2797 915 2866 nt.

293 2978 1191 3056 Primaratioconsolationumomnibusuibutationihusnomiss

252 3181 322 3253 Sed
338 3196 390 3272 et,
416 3195 542 3280 praeter
563 3180 635 3252 boc
660 3179 759 3277 quod
781 3178 954 3266 diximus,
978 3177 1170 3273 habemus,
1190 3206 1267 3277 gra·

203 3296 269 3368 tias
286 3300 382 3393 Deo,
405 3299 514 3371 etiam
537 3297 710 3398 plurimas
734 3296 998 3369 consolationes
1017 3311 1054 3368 et
1069 3295 1263 3394 adjutoria,

203 3412 334 3510 quibus
356 3417 421 3488 Dei
447 3415 690 3489 misericordia
712 3414 918 3487 consolatur
942 3439 1027 3507 nos,
1045 3414 1214 3513 laetosque
1230 3430 1267 3488 et

203 3529 395 3626 gaudentes
412 3531 495 3606 lacit
516 3534 553 3604 in
570 3529 739 3603 omnibus
765 3529 1071 3630 persecutionibus
1088 3546 1124 3602 et
1147 3529 1265 3607 tribu·

202 3643 395 3717 lationibus
409 3648 550 3720 nostris.
570 3653 613 3719 Et
631 3663 672 3719 ut
691 3647 898 3720 omittamus
911 3647 988 3719 illas
1006 3645 1265 3721 consideratio·

202 3787 285 3852 nes,
320 3787 409 3859 quas
437 3763 648 3862 perpulchre
673 3778 709 3836 et
737 3763 883 3863 copiose
918 3763 1024 3836 refert
1054 3762 1264 3834 Guillelmus

201 3880 447 3975 Lugdunensis
467 3881 504 3950 in
527 3882 676 3952 Summa
693 3879 739 3953 de
757 3880 962 3971 virtutibus,
990 3880 1025 3950 in
1048 3892 1199 3961 tractatu
1216 3877 1263 3951 de

200 3996 368 4095 patientia
387 3995 587 4093 (exquibus
602 3997 756 4094 plurima
771 3995 1010 4069 consolatoria
1031 3993 1189 4067 remedia
1207 4018 1264 4067 ac·

200 4113 377 4210 cepimus,
406 4128 442 4185 et
460 4113 562 4186 facile
583 4136 709 4212 capere
729 4129 766 4186 et
786 4112 920 4186 babere
943 4125 1059 4211 potest
1087 4113 1259 4210 quisque,

199 4230 451 4326 qualicumque
466 4228 677 4303 adversitate
699 4229 754 4301 vel
777 4227 1007 4303 tribulatione
1030 4227 1191 4326 pulsatur
1204 4228 1260 4300 vel
