2946 5070
578 505 583 517 ‘
610 506 714 564 unns
731 506 884 563 srxms.
922 580 925 593 ,
1234 507 1270 563 ss

207 633 361 721 Insulas,
387 637 574 726 Duacum,
601 639 850 710 Corteracum¹
876 650 912 708 et
932 636 1095 736 quaedam
1119 623 1202 730 alia,
1226 637 1273 710 ad

205 772 251 821 ea
283 747 504 823 consolanda
522 767 558 824 et
573 776 637 852 spe
661 751 808 824 meliore
823 749 1044 847 roboranda,
1063 753 1151 827 abiit
1166 767 1273 852 atque

207 862 386 937 visitavit:
408 864 548 939 eisdem
575 866 631 939 vel
661 890 755 938 nova
784 867 947 964 praesidia
971 869 1125 942 militum
1152 868 1275 967 provi·

207 977 312 1069 dens,
330 981 387 1053 vel
402 997 522 1055 vetera
537 980 693 1079 adagens
706 982 952 1082 reducensque
966 984 1159 1079 validiora,
1179 986 1275 1058 simi·

205 1097 286 1170 liter
312 1099 420 1172 etiam
437 1123 480 1172 ea
494 1113 531 1172 et
544 1123 691 1172 annona
704 1101 901 1173 necessaria
918 1115 953 1174 et
968 1103 1075 1174 armis
1099 1117 1275 1202 opportu-

206 1217 263 1288 nis
278 1239 322 1288 ac
350 1216 627 1314 propugnaculis
644 1216 777 1289 iaciens
792 1219 1020 1290 communiri.

255 1331 398 1421 Quibus
421 1334 585 1432 peractis,
601 1347 637 1405 et
652 1332 860 1406 confortatis
877 1333 1010 1432 ubique
1029 1360 1178 1408 suorum
1196 1338 1275 1410 ani·

205 1449 287 1540 mis,
308 1455 439 1546 Bmgas
457 1451 586 1522 itemm
602 1473 639 1520 se
652 1449 802 1547 recepit,
828 1447 891 1521 ubi
911 1463 946 1522 et
970 1434 1129 1523 solemne
1146 1451 1275 1526 festum

205 1562 354 1637 velleris
371 1566 499 1657 Aurei,
517 1566 628 1637 instar
654 1565 769 1637 soceri
797 1568 869 1657 sui,
895 1563 1115 1657 celebravit',
1131 1567 1275 1643 delectis

204 1680 352 1777 collegis
375 1680 422 1754 ad
440 1705 596 1780 paucum
613 1705 804 1753 numemm
828 1706 870 1752 ex
884 1681 1092 1779 proceribus
1120 1698 1155 1756 et
1173 1685 1274 1758 nobi-

204 1799 302 1871 litate
324 1813 499 1872 terrarum
527 1822 691 1890 suarum,
711 1823 803 1896 quos
827 1813 901 1871 tam
928 1800 1065 1895 generis
1088 1799 1270 1892 nobilitas,

203 1938 332 2012 quam,
354 1925 421 2013 pro
436 1912 542 1987 rebus
562 1904 701 1986 fortiter
717 1928 753 1986 et
774 1928 916 1987 strenue
934 1916 1049 2009 gestis,
1069 1915 1163 1988 sama
1182 1917 1297 1990 cele-·

202 2027 304 2101 brior
327 2024 524 2103 attollebat.
546 2029 646 2102 Tales
669 2030 789 2123 enim,
819 2031 881 2128 qui
910 2044 1054 2101 caeteros
1071 2032 1200 2104 virtute
1215 2034 1271 2106 vel

202 2140 343 2241 generis
361 2145 518 2218 claritate
535 2145 735 2243 precellere
760 2147 1017 2238 existimantur,
1041 2161 1077 2219 et
1097 2172 1171 2220 non
1196 2149 1269 2241 alii,

201 2262 250 2335 ad
262 2263 412 2360 hujusce
433 2264 572 2361 insigne
597 2265 773 2337 societatis
786 2263 976 2361 collegium
998 2264 1145 2338 adscisci
1156 2281 1192 2339 et
1208 2267 1271 2341 ad·

202 2380 384 2454 numerari
403 2396 678 2453 consueverunt.

251 2496 314 2571 His
344 2512 465 2570 autem
495 2499 670 2596 peractis,
702 2523 786 2570 cum
816 2496 944 2570 hiemis
977 2482 1202 2599 intemperies
1234 2518 1271 2579 et

202 2626 379 2684 ter-rarum
410 2611 551 2685 illarum
583 2614 687 2685 solita
714 2636 888 2709 aquarum
919 2614 1057 2687 illuvies
1085 2617 1270 2731 utriusque

201 2727 313 2824 partis
341 2727 463 2825 copias
493 2750 568 2797 non
596 2741 777 2825 pateretur
803 2729 840 2798 in
858 2730 980 2801 castris
996 2731 1190 2819 contineri,
1208 2756 1270 2805 rex

202 2841 240 2912 in
255 2838 462 2941 Franciam,
482 2839 532 2913 'ad
547 2839 803 2939 ripas'Ligeris,
825 2867 900 2915 sese
919 2847 1070 2944 recepit,
1091 2846 1270 2946 dispositis

200 2979 267 3055 per
284 2956 575 3029 variasstationes
591 2957 662 3028 suis
678 2957 849 3029 mssitibus
863 2959 901 3029 in
911 2959 1084 3033 hibernis.
1100 2961 1268 3060 Equibus

202 3071 357 3144 Atrebati
382 3086 419 3143 et
449 3073 619 3164 Tornaei,
653 3087 689 3145 et
716 3074 753 3145 in
782 3074 885 3146 terris
917 3075 1108 3150 limitaneis
1136 3103 1267 3182 magna

200 3187 366 3286 praesidia
385 3186 594 3285 dereliquit3
609 3206 733 3262 curam
755 3187 896 3262 babens
922 3206 1030 3290 atque
1057 3193 1266 3267 sollicitudi-

200 3328 286 3376 nem
309 3329 384 3377 non
413 3329 562 3405 parvam
592 3304 707 3378 lacere
731 3304 777 3377 de
803 3308 952 3381 Francia
979 3324 1016 3381 et
1047 3315 1265 3387 Normannia

199 3421 351 3519 aliisque
374 3419 532 3492 finitimis
559 3423 753 3520 provinciis
779 3422 909 3495 advehi
932 3404 1116 3499 annonam
1140 3454 1264 3502 neces·

199 3539 348 3633 sariam,
367 3551 440 3609 tam
460 3550 529 3637 pro
547 3538 674 3609 solatio
690 3539 988 3634 Tornacensium,
1006 3544 1072 3643 ‚qui
1088 3531 1266 3640 quodamss

200 3657 314 3729 modo
342 3657 440 3729 velut
469 3655 604 3728 obsessi
631 3658 734 3729 terris
766 3672 873 3757 atque
905 3660 1047 3761 oppidis
1077 3642 1286 3741 hostilibus⁴

199 3770 450 3869 cingebantur,
463 3796 573 3871 quam
589 3773 697 3891 etiam
717 3775 936 3876 oppidorum
952 3778 1112 3866 Artesiae,
1139 3781 1176 3863 in
1193 3760 1286 3878 qua..

199 3913 330 3987 magua
364 3913 407 3962 ex
440 3903 540 3989 parte
576 3904 723 3987 propter
761 3890 969 3989 guerrarum
1005 3890 1263 3969 immanitatem

240 4036 661 4150 l.1ille‚Douai,Gourtiai.

240 4177 270 4232 2.
292 4173 429 4231 L'auteur
441 4193 472 4232 se
485 4187 598 4250 trompe
611 4191 661 4230 sur
675 4172 809 4252 l'e'poque
818 4175 854 4235 de
864 4188 939 4236 cette
951 4176 1130 4237 ceremonie:
1146 4179 1201 4238 elle
1214 4193 1263 4239 eut

199 4266 257 4325 lieu
270 4265 298 4325 le
311 4267 350 4326 30
364 4265 437 4325 avril
452 4269 541 4325 lt'l8.
