2946 5070
492 480 602 536 usta
623 479 771 537 PRIMUS.
1101 483 1161 539 293

100 626 136 682 et
150 609 389 683 laborantium
409 608 567 681 febribus
594 609 697 680 simul
729 635 804 682 uno
831 625 991 708 tempore
1012 612 1163 684 inveniri

105 727 306 823 Perpiniani
341 726 558 824 potuissent,
591 750 610 796 e
644 724 774 820 quihus
815 750 922 824 supra
952 727 1164 823 quingentos

101 842 249 916 morbus
264 843 439 914 exstinxit.
462 846 534 914 Nos
550 843 676 936 etiam,
694 843 794 935 licet,
814 844 936 914 divina
961 868 1028 914 nos
1045 859 1164 942 prote·
1204 916 1209 930 .

101 973 205 1055 gente
223 958 434 1050 clementia,
460 958 506 1030 ad
529 956 670 1029 febrile's
692 982 805 1055 usque
826 958 973 1029 minime
993 982 1165 1056 pervene-

100 1075 211 1145 rimus
227 1089 349 1165 aestus,
368 1097 459 1171 saepe
474 1088 594 1145 tamen
611 1072 661 1144 oh
675 1073 938 1144 vehementiam
955 1088 991 1144 et
1006 1098 1165 1170 perseve-

101 1190 253 1261 rantiam
264 1189 425 1261 calorum
434 1189 570 1261 alterati
585 1203 621 1261 et
632 1188 826 1285 disgratiati
836 1188 979 1279 fuimus,
994 1190 1167 1288 patientes

101 1306 302 1403 frequenter
327 1329 494 1401 magnam
519 1304 756 1378 defectionem
784 1304 959 1378 stomachi
975 1320 1010 1376 et
1026 1307 1165 1379 virtutis

100 1421 294 1517 digestivae,
321 1435 447 1492 contra
472 1445 581 1517 quam
602 1420 820 1518 quotidianis
848 1445 948 1519 paene
974 1420 1167 1515 medicina·

101 1536 193 1608 libus
227 1537 397 1608 antidotis
436 1536 542 1610 nohis
570 1561 731 1635 pugnare
762 1537 950 1608 necessitas
983 1551 1068 1608 erat.
1109 1541 1165 1608 De

101 1653 229 1724 nostris
252 1677 337 1724 vero
365 1651 599 1725 familiaribus
616 1653 736 1724 nullus
759 1653 869 1724 ferme
891 1652 957 1723 fuit
981 1668 1165 1752 exemptus

101 1769 188 1865 quin
205 1784 266 1840 aut
284 1768 461 1858 febribus,
480 1784 541 1841 aut
562 1756 633 1841 alio
655 1771 753 1864 gravi
774 1768 906 1841 morbo
921 1767 1112 1842 laboraret.

436 2067 697 2137 ChPlTULUM
723 2068 815 2135 Xlll.

258 2257 297 2308 De
309 2255 412 2337 lieentia
423 2253 554 2308 redeundi
566 2272 582 2308 a
593 2272 654 2324 rege
665 2253 747 2325 petita
758 2265 784 2306 et
796 2252 830 2306 ab
841 2271 874 2304 eo
888 2253 1004 2306 obtenta.

151 2419 258 2514 igitur
269 2444 353 2491 cum
362 2433 436 2490 tarn
448 2417 689 2517 periculosum
703 2415 776 2488 illic
789 2417 927 2487 aestivos
936 2416 1091 2515 perferre
1106 2441 1165 2490 ca-

101 2536 194 2607 lores
212 2537 345 2633 experti
362 2535 560 2623 fuissemus,
573 2534 784 2632 priusquam
796 2557 939 2604 necesse
950 2532 1166 2606 haberemus

101 2654 295 2727 secundam
318 2656 389 2727 illic
409 2655 566 2754 opperiri
583 2669 619 2725 et
633 2667 837 2751 exspectare
858 2667 1035 2742 aestatem,
1068 2677 1167 2726 cura·

101 2773 217 2844 vimus
242 2787 277 2843 et
300 2773 383 2844 totis
405 2771 540 2844 viribus
562 2772 677 2843 annisi
701 2771 833 2842 fuimus
854 2771 1002 2866 gratiam
1016 2770 1124 2842 talem
1145 2795 1166 2843 a
1240 2770 1243 2775 ’

101 2912 184 2984 rege
203 2889 413 2987 impetrare,
437 2901 477 2957 ut
492 2876 693 2957 revertendi
710 2887 748 2957 in
766 2886 953 2957 Franciam
981 2884 1087 2957 nohis
1114 2884 1165 2958 fa·

102 3005 215 3076 cultas
238 3005 511 3103 permitteretur.
543 3003 586 3072 Et
609 3026 678 3100 pro
701 3024 744 3072 ea
767 3001 913 3098 quidem
939 3000 1052 3095 gratia
1079 3023 1170 3071 asse-

102 3120 266 3219 quenda,
286 3121 405 3219 plures
418 3118 680 3217 deprecatorias
702 3118 867 3215 epistolas
883 3116 950 3187 sihi
968 3120 1167 3210 cumomni

103 3236 302 3308 humilitate
319 3235 541 3333 scripsimus,
557 3232 688 3331 quihus
702 3232 911 3329 hujusmodi
929 3256 950 3303 a
966 3258 1003 3305 se
1019 3234 1168 3327 gratiam

103 3355 209 3427 nohis
233 3355 360 3427 donari
386 3352 614 3453 petebamus,
633 3352 679 3424 de
694 3353 888 3452 pensione,
917 3353 972 3423 vel
997 3376 1064 3450 pro
1081 3377 1169 3450 prae·

104 3473 207 3545 terito
223 3473 298 3569 jam
317 3487 478 3569 tempore
496 3495 571 3568 quo
589 3469 656 3542 sihi
671 3470 743 3541 illic
758 3470 1010 3561 servieramus,
1034 3470 1090 3540 vel
1102 3495 1169 3568 pro

104 3588 252 3679 futuro,
285 3587 420 3659 nullam
451 3611 598 3687 prorsus
640 3586 807 3658 facientes
844 3587 1077 3657 mentionem.
1116 3589 1170 3657 De

105 3704 232 3776 eadem
256 3727 295 3773 re
327 3704 436 3774 etiam
461 3702 594 3801 pariter
619 3702 751 3801 pluries
778 3703 980 3799 scripsimus
1004 3699 1050 3771 ad
1072 3696 1196 3770 reve-⁸

104 3820 257 3892 rendum
282 3821 319 3890 in
339 3818 480 3890 Christo
501 3834 639 3917 patrem
661 3819 850 3891 dominum
875 3819 1083 3916 episcopum
1104 3814 1169 3885 Ab·

105 3919 347 4027 rincensem¹3
370 3935 470 4031 cujus
487 3936 700 4009 interventio
717 3936 812 4035 apud
830 3959 969 4032 regem,
988 3934 1090 4030 cujus
1107 3957 1169 4004 au·

148 4145 176 4201 l.
199 4147 270 4200 Jean
290 4142 439 4220 Bochard,
457 4161 515 4219 que
534 4142 657 4199 l’auteur
672 4142 784 4220 appelle
802 4143 938 4199 Baucard
950 4139 1021 4198 dans
1039 4158 1091 4197 son
1104 4138 1171 4196 Ris-

106 4235 178 4291 toire
191 4233 230 4292 du
244 4234 333 4312 regne
347 4233 384 4291 de
399 4234 487 4292 Louis
499 4229 554 4305 xt',
569 4246 590 4293 t.
600 4236 646 4303 ·11,
658 4253 689 4310 p.
705 4235 755 4291 35.
