2946 5070
611 470 815 537 Aeotools,

559 764 814 840 euertuntur
839 763 898 833 lV.

522 967 644 1026 Secunda
655 966 724 1022 ratio
737 964 938 1022 consolationis.

247 1179 338 1251 Huic
350 1200 436 1250 vcro
452 1174 574 1273 primae
589 1171 720 1271 speciei
735 1167 992 1245 consolationis
1007 1165 1178 1241 secunda
1190 1190 1273 1238 con·

198 1296 365 1384 nectitur,
386 1290 552 1365 videlicet
565 1287 684 1387 quod,
703 1286 769 1359 Dei
785 1283 997 1384 providente
1012 1281 1062 1356 de
1078 1282 1192 1355 nobis
1212 1283 1272 1354 mi·

198 1411 404 1501 sericordia,
416 1408 461 1481 dc
472 1407 660 1506 tyrannica
671 1403 919 1478 dominatione
930 1415 967 1473 ct
974 1401 1075 1497 gravi
1087 1401 1268 1493 servitute,

199 1545 370 1626 tanquam
386 1525 432 1599 de
446 1529 600 1623 AEgypto
617 1522 674 1594 vel
697 1521 743 1593 de
760 1525 810 1592 Ur
824 1517 1079 1592 Chaldaeorum
1094 1533 1135 1590 et
1152 1518 1271 1592 medio

201 1641 412 1740 Babylonis,
434 1641 471 1712 in
496 1638 626 1713 Christi
651 1634 851 1709 libertatem
879 1635 996 1707 vocati
1026 1630 1103 1706 sen'
1122 1636 1272 1708 restituti

200 1784 336 1832 sumus.

251 1876 362 1968 Olim,
379 1887 418 1946 ut
431 1872 568 1945 Caesar'
560 1896 597 1951 m
611 1872 669 1940 Vl
684 1868 1034 1941 Commentariorum
1052 1865 1143 1940 belli
1160 1868 1274 1999 gallici

201 1991 380 2084 scribit,
371 2016 410 2062 m
436 1989 551 2062 Gallia
579 1986 693 2059 fuere
702 1984 777 2059 duo
809 2009 939 2081 genera
967 1984 1167 2057 hominum
1177 1985 1274 2082 ,qui

203 2110 326 2208 aliquo
348 2123 452 2184 erant
471 2128 624 2179 numero
647 2102 863 2195 ethonore,
888 2102 1023 2175 scilicet
1046 2041 1226 2176 druidum
1243 2117 1275 2174 et

203 2227 386 2325 equitum3
405 2238 531 2296 caetera
544 2247 630 2294 vero
640 2219 744 2321 plebs
758 2219 840 2292 loco
856 2243 1042 2293 servorum
1055 2219 1273 2294 habebatur.

205 2345 250 2413 Et
264 2338 495 2441 potiebantur
512 2353 601 2410 tunc
617 2336 783 2427 druides,
800 2335 864 2434 qui
885 2335 979 2408 illius
998 2337 1180 2436 temporis
1200 2336 1278 2408 reli·

99 2466 105 2477 '
207 2458 304 2554 gioni
333 2453 583 2550 sacrificiisque
616 2451 815 2546 vacabant,
847 2451 1011 2526 maximis
1049 2452 1275 2547 honoribus,

206 2567 493 2645 immunitatibus
509 2581 616 2664 atque
631 2566 869 2661 libertatibus,
884 2566 1016 2665 quibus
1032 2568 1148 2642 etiam
1170 2569 1279 2642 cbris-

207 2690 312 2762 tianae
330 2686 511 2783 religionis
532 2682 754 2782 temporibus
769 2710 856 2781 gens
871 2685 1103 2758 sacerdotalis
1120 2688 1281 2761 similiter

209 2806 248 2878 in
271 2806 386 2879 Gallia
411 2804 498 2876 olim
529 2802 642 2901 potita
669 2806 750 2895 est¹,
777 2801 860 2874 licet
882 2802 1078 2899 aliquando
1101 2804 1199 2903 plus,
1219 2805 1309 2895 ali·‚

210 2921 358 3019 quando
375 2921 506 2993 minus.
524 2917 639 2989 Hodie
654 2942 741 2989 vero
753 2942 847 2990 unus
859 2921 921 3015 qui
933 2918 1005 2991 illic
1021 2919 1192 3018 imperat,
1210 2946 1280 2993 non

211 3039 329 3110 solum
346 3036 491 3139 plebem
509 3060 676 3125 omnem,
696 3034 759 3111 sed
781 3050 816 3107 et
837 3036 974 3108 clerum
988 3051 1098 3134 atque
1115 3040 1282 3112 sacerdo·

211 3156 303 3226 tium
318 3154 460 3226 servitio
474 3151 622 3247 addixit,
643 3152 742 3225 omni
756 3177 901 3250 prorsus
917 3152 1081 3226 libertate
1099 3156 1281 3256 adempta,

214 3295 281 3344 nec
305 3269 422 3342 solum
451 3267 572 3366 quoad
604 3268 839 3341 conserendas
862 3271 1033 3369 pecunias
1054 3286 1118 3347 aut
1143 3272 1285 3345 servitia

214 3386 395 3461 secularia
414 3384 649 3483 imponenda,
675 3411 801 3458 verum
823 3388 930 3461 etiam
950 3389 1073 3485 quoad
1099 3414 1285 3465 sacrorum

215 3501 499 3602 dispositionem,
517 3502 748 3600 praelatosque
763 3528 830 3602 pro
849 3519 939 3577 nutu
951 3505 1193 3579 instituendos
1209 3505 1288 3578 ubi·

216 3618 303 3693 libet
318 3632 425 3715 atque
442 3618 575 3716 pariter
592 3616 849 3711 destituendos,
865 3620 1005 3695 sublata
1019 3625 1160 3695 cunctis
1174 3622 1287 3695 eccle·

219 3739 277 3812 siis
302 3735 510 3836 generaliter
534 3733 697 3810 libertate
721 3736 790 3811 sibi
814 3753 974 3838 pastores
996 3740 1168 3837 eligendi,
1187 3754 1289 3813 cete·

261 3942 291 4000 l.
312 3935 436 3995 lbomas
456 3932 543 3993 Basin
558 3931 632 3995 nfest
646 3953 698 4014 pas
717 3933 746 3993 le
763 3933 890 4014 premier
906 3934 957 4013 qui
970 3935 1010 3993 ait
1023 3935 1074 3994 fait
1090 3949 1167 3996 cette
1179 3937 1290 3996 assimi-

220 4035 309 4095 lation
325 4034 376 4095 des
394 4031 511 4092 druides
525 4051 597 4091 avec
615 4031 643 4092 le
660 4031 758 4113 clerge
779 4031 819 4092 du
835 4052 941 4110 moyen
962 4037 1027 4114 age.
1049 4034 1112 4095 Elle
1132 4055 1165 4095 se
1184 4049 1291 4095 trouve

221 4129 286 4205 dtjt
299 4128 371 4188 dans
382 4128 410 4187 le
422 4125 634 4187 Commentaire
647 4125 684 4186 de
695 4126 789 4186 Raoul
804 4125 841 4188 de
854 4127 964 4187 Presles
975 4148 1026 4188 sur
1039 4128 1069 4188 la
1077 4129 1140 4189 Cite
1153 4129 1289 4205 deDieu,

220 4224 242 4286 l.
260 4228 297 4303 V,
310 4223 396 4303 cbap.
410 4242 479 4284 m.
