2946 5070
202 466 260 520 aaa
632 461 836 531 amancii,

201 623 294 670 mus.
311 597 398 694 lpsis
414 619 544 693 nempe
559 595 660 665 omni
677 617 820 692 prorsus
829 591 1002 690 adempta
1018 589 1206 684 libertae,
1216 617 1282 665 nec

200 715 324 786 civitas
339 713 413 785 ulla
434 713 556 785 relicta
575 736 651 783 esse
670 725 804 810 potest,
829 708 1151 806 quemadmodum
1167 710 1280 781 mam·

201 832 286 903 leste
316 831 437 927 legum
467 829 672 927 exprimunt
698 829 916 917 sanctiones,
947 824 1060 897 nobis
1092 850 1186 898 vero
1219 827 1280 898 etsi

200 949 327 1045 patria,
346 971 413 1018 nec
425 962 545 1018 tamen
569 944 725 1037 libertas,
745 969 812 1016 nec
828 943 964 1036 civitas,
986 947 1071 1014 Deo
1086 943 1203 1013 nostri
1215 943 1280 1013 mi·

200 1079 353 1158 serante,
383 1064 552 1162 adempta
578 1077 642 1135 est.
664 1066 745 1148 Qua
769 1059 944 1152 libertate,
966 1057 1107 1130 eodem
1127 1058 1223 1130 duce
1245 1074 1280 1130 et

199 1195 415 1280 protectore,
446 1205 520 1251 non
544 1181 582 1250 in
602 1179 830 1251 occasionem
853 1177 972 1249 carnis
995 1175 1124 1267 abuti,
1152 1175 1214 1248 sed
1231 1175 1276 1248 ad

201 1297 311 1394 ipsius
329 1296 538 1369 famulatum
553 1310 589 1368 et
607 1296 789 1368 servitium
807 1294 858 1366 uti
871 1308 908 1367 et
923 1292 1152 1366 conabimur
1169 1309 1206 1366 et
1216 1319 1276 1365 cu·

200 1413 372 1487 rabimus.

559 1720 816 1789 CAPITULUld
847 1720 905 1788 Vl.

484 1920 516 1971 ln
529 1937 584 1989 quo
597 1933 691 1990 quarta
702 1920 770 1974 ratio
782 1920 981 1973 consolationis.

249 2109 385 2193 Quarta
399 2102 638 2175 consideratio
658 2127 722 2174 seu
737 2101 871 2200 species
892 2124 966 2198 qua
985 2099 1117 2192 nobis,
1143 2103 1273 2175 nedum

199 2219 246 2294 ad
262 2221 449 2318 patienter,
469 2219 532 2291 sed
548 2219 655 2291 etiam
671 2199 868 2314 'gaudenter
891 2232 927 2290 et
947 2219 1204 2314 aequanimiter
1223 2221 1273 2292 fe-

199 2335 353 2406 rendum
390 2360 446 2406 res
482 2349 645 2428 nostras,
683 2334 777 2430 vulgi
814 2334 1051 2406 aestimatione
1084 2335 1270 2428 adversas,

198 2451 419 2544 antidotum,
438 2452 505 2522 Dei
520 2452 699 2549 aspirante
716 2451 980 2544 misericordia,
1002 2453 1235 2541 conficimus,
1253 2479 1271 2526 a

198 2592 272 2666 quo
291 2582 343 2639 est
359 2568 530 2666 patientia
547 2582 681 2660 nostra,
700 2583 736 2641 et
761 2569 818 2640 cui
840 2594 922 2641 cum
946 2584 1076 2642 sancto
1094 2572 1271 2668 psalmista

198 2685 360 2757 canimus
381 2710 388 2754 :
413 2715 429 2750 α
451 2688 503 2754 Tu
518 2708 555 2754 es
571 2685 742 2781 patientia
763 2709 862 2778 mea,
878 2700 916 2756 tu
934 2685 1117 2781 refugium
1133 2714 1268 2775 meum,

198 2814 238 2872 tu
251 2816 435 2900 susceptor
450 2826 551 2872 meus
564 2816 600 2872 et
612 2800 783 2873 liberator
798 2826 912 2893 meus,
925 2831 942 2868 a
959 2803 1063 2899 quod
1078 2804 1270 2877 involucris

198 2931 235 2988 et
257 2916 549 3017 perplexitatibus
575 2918 848 3010 molestissimis,
867 2916 1001 3015 quibus
1020 2921 1152 2992 irretiti
1172 2937 1269 2994 antea

199 3034 428 3124 tenebamur,
453 3034 674 3107 infinitarum
694 3058 883 3107 causarum
908 3049 944 3107 et
969 3035 1090 3108 litium
1117 3037 1268 3111 absoluti

199 3163 235 3221 et
260 3149 363 3222 liberi
385 3177 519 3223 sumus.
549 3155 589 3222 ln
613 3151 744 3250 quibus
761 3167 902 3250 quanta
923 3153 1143 3228 incumbant
1160 3182 1269 3228 emer·

199 3282 354 3364 gantque
380 3268 502 3340 dietim
533 3270 743 3364 anxietates,
768 3269 959 3364 molestiae,
985 3269 1220 3346 difficultates
1239 3287 1270 3345 et

199 3406 310 3475 cura,
334 3382 391 3455 his
420 3388 613 3483 prasertim
644 3387 707 3485 qui
736 3387 829 3459 tueri
855 3385 991 3459 babent
1015 3403 1052 3459 et
1080 3389 1270 3463 defendere

200 3500 414 3596 temporales
433 3517 468 3572 et
489 3503 668 3600 praecipue
684 3503 936 3575 ecclesiasticas
953 3502 1225 3601 jurisdictiones
1239 3520 1271 3577 et

199 3613 454 3711 immunitates,
474 3618 636 3716 prolecto
651 3619 690 3691 hi
706 3621 936 3712 salinorum,
953 3645 1046 3718 quos
1060 3621 1269 3721 hujusmodi

200 3757 293 3806 curae
311 3751 419 3833 atque
436 3735 694 3808 sollicitudines
713 3736 907 3835 aliquando
922 3751 1131 3811 tenuerunt.

250 3855 289 3921 ln
304 3853 380 3923 aliis
406 3852 601 3925 Galliarum
626 3853 832 3951 provinciis,
853 3854 890 3926 in
914 3853 1048 3951 quibus
1068 3880 1188 3929 causae
1210 3882 1272 3956 per

199 3960 476 4065 appellationem
508 3969 553 4042 ad
585 3970 722 4042 curiam
750 3971 971 4071 parlamenti·
1000 3986 1180 4070 tanquam
1215 4001 1270 4047 su·

200 4109 365 4183 premunt
396 4086 553 4159 tribunal
586 4086 815 4184 deseruntur,
894 4091 1024 4189 rplexae
1055 4092 1208 4190 quidem
1238 4108 1273 4164 et

199 4200 359 4277 difficiles
374 4204 478 4279 valde
495 4205 763 4305 plurimumque
783 4208 940 4283 molestae
959 4224 1044 4280 sunt
1060 4208 1272 4309 hujusmodi
