2946 5070
182 489 240 545 ldb
454 482 713 541 utstomnauu
734 484 913 545 bonovict
933 484 977 539 Xl

181 619 355 697 Paulatim
378 640 463 686 iero
479 617 529 687 eis
549 615 595 687 de
613 615 792 714 stipendio
812 615 1013 707 satisfactis,
1031 639 1097 712 per
1116 629 1238 687 turmas

181 735 323 806 civitate
332 732 503 805 excedere
517 746 553 804 et
563 732 633 804 alio
643 731 757 825 abire,
768 758 848 831 'quo
859 733 1028 835 princeps
1041 730 1238 824 ordinabat,

179 850 355 948 compulsi
381 864 480 938 suut3
510 863 547 920 et
572 847 900 946 pedetentim,-sub
927 848 1095 921 ordinem
1122 849 1173 920 eis
1191 873 1241 920 re·

181 968 306 1058 dactis,
324 967 497 1038 violentie
514 991 650 1038 cessare
665 991 798 1071 magna
810 993 854 1039 ex
866 982 967 1066 parte
981 981 1182 1065 coepemnt.

231 1085 412 1157 lmmorati
432 1083 656 1180 aliquantum
674 1085 764 1158 sorte
780 1085 885 1157 latius
899 1085 1089 1161 sumus-ad
1110 1085 1243 1181 Traiec-

179 1215 296 1273 tenses
320 1195 524 1268 referendas
547 1195 740 1268 seditiones
766 1195 1052 1294 rebellionesque
1079 1196 1247 1269 adversm

178 1339 284 1385 suum
300 1309 527 1410 pontificem,
548 1309 595 1381 ad
613 1334 703 1407 quas
719 1309 767 1383 ab
784 1311 934 1407 antiquo
950 1311 1128 1410 proclives
1143 1325 1181 1382 et
1193 1334 1246 1383 as·

178 1443 298 1500 suetos
315 1427 423 1498 luisse
441 1450 568 1499 eorum
586 1426 623 1494 iu
645 1425 836 1499 annalibus
852 1440 960 1522 atque
981 1425 1141 1498 historiis
1157 1427 1267 1513 relv'?

179 1560 256 1617 tum
273 1541 465 1633 iuvenitur,
488 1556 523 1612 et
540 1540 659 1613 forsan
680 1541 835 1640 amplius
856 1567 968 1639 quam
988 1557 1154 1614 nostrum
1169 1526 1265 1642 poef

177 1678 274 1735 cerel
293 1662 491 1732 institutum
518 1685 719 1757 munusque
738 1673 955 1759 susceptum.
981 1657 1053 1732 Sed
1074 1660 1249 1758 quoniam
1275 1648 1279 1653 ’

177 1781 214 1850 iu
237 1778 304 1850 has
323 1775 536 1848 rebelliones
555 1776 781 1865 incurrerunt
797 1773 866 1846 sub
886 1799 931 1847 ea
951 1799 1062 1871 quam
1078 1772 1250 1873 gerebam
1282 1826 1289 1835 -

176 1920 239 1994 spe
257 1892 359 1991 quod
379 1892 600 1964 Francorum
623 1917 699 1987 rex,
717 1893 778 1988 qui
800 1890 937 1963 bellum
953 1887 1130 1964 adversis
1153 1891 1248 1967 illus·
1271 1894 1278 1901 “

177 2011 370 2083 trissimum
393 2008 675 2080 blatimilianum
701 2031 855 2104 suasque
885 2021 996 2078 terras
1021 2020 1247 2106 susceperat,

176 2153 258 2198 suas
284 2149 506 2222 suorumque
529 2125 622 2195 vires
649 2125 800 2196 omnino
826 2138 1048 2227 protereret,
1065 2137 1249 2224 terrasque

177 2267 259 2314 suns
270 2240 436 2315 dominio
450 2265 517 2312 suo
530 2239 713 2336 adjiceret,
735 2264 791 2329 ac,
812 2265 877 2339 per
892 2240 982 2332 baec,
1000 2240 1069 2338 ipsi
1083 2239 1248 2337 detle
1260 2258 1279 2339 ζ,

179 2362 282 2431 ruina
305 2356 437 2431 domus
460 2355 673 2454 Burgundiae
696 2356 823 2452 suique
844 2356 1046 2453 dejectione
1069 2357 1262 2455 pontifici*

177 2477 269 2574 (qui,
296 2476 347 2546 uti
364 2474 526 2572 superius
545 2474 744 2563 retulimus,
771 2488 848 2546 erat
863 2473 958 2546 filius
977 2475 1150 2547 naturalis
1167 2474 1248 2551 Pbi·
1265 2494 1295 2583 ,ἕ
1304 2454 1307 2459 ¹

175 2591 264 2689 lippi
287 2592 465 2687 fraterque
487 2590 625 2677 Caroli,
654 2589 796 2660 illustris
824 2593 1006 2663 memoria
1025 2574 1287 2690 Burgundio-i]-⁸

179 2729 267 2774 uum
292 2696 442 2797 ducum)
466 2727 571 2772 smmi
597 2702 822 2798 complerent
845 2700 1064 2774 desiderium
1086 2694 1186 2799 (nam
1209 2703 1267 2779 in·

176 2846 239 2891 eos
259 2817 476 2917 implacabili
501 2843 602 2916 paene
625 2816 711 2887 odio
735 2841 865 2912 magna
889 2842 1019 2889 eorum
1042 2844 1126 2917 pars
1151 2820 1264 2895 imre*

177 2935 380 3031 descebat];
400 2935 507 3007 simtd
523 2934 631 3005 etiam
649 2933 734 3030 quia
745 2948 832 3005 tunc
849 2939 948 3025 nos’,
966 2935 1131 3031 ejusdem
1143 2960 1246 3033 acco·

179 3052 239 3122 lr'
261 3053 430 3143 civitatis,
456 3075 603 3122 omnem
632 3051 683 3121 rei
703 3050 833 3120 seriem
851 3051 995 3148 plenius
1010 3054 1243 3149 agnovimus:

178 3169 314 3239 idcirco
327 3193 401 3240 non
416 3167 463 3240 ab
479 3192 517 3239 re
529 3157 621 3238 inter
638 3181 735 3262 gesta
749 3166 920 3238 Ludorici
937 3169 1042 3263 regis,
1057 3164 1245 3266 qiraeenw

178 3282 292 3354 randa
305 3284 539 3381 suscepimus,
553 3281 647 3354 lianc
657 3282 817 3379 ipsorum
831 3281 1109 3378 ijcctensium
1121 3300 1244 3384 bagm-

179 3399 277 3470 diaru
307 3397 533 3481 inserendam
560 3422 637 3470 esse
663 3397 880 3495 putarimus.
910 3401 987 3496 lpse
1013 3400 1111 3472 enim
1133 3402 1243 3475 scieris

179 3516 382 3587 inimicitias
397 3539 487 3611 (pras
504 3513 552 3586 ad
570 3513 760 3586 domiuum
783 3513 1081 3605 llasimilianum,
1104 3516 1240 3591 bostem

168 3661 298 3724 sumn,
312 3658 490 3730 suumque
506 3630 721 3704 exercebant
732 3629 953 3728 pontificem,
969 3656 1032 3705 eos
1049 3661 1170 3727 «suos
1180 3635 1239 3707 bo

178 3777 247 3822 nos
266 3753 403 3824 amicos
421 3779 439 3816 n
467 3749 646 3849 appellare
669 3763 878 3838 consuerat,
897 3764 932 3820 et
953 3775 1019 3848 per
1042 3750 1177 3831 litteras
1194 3751 1239 3823 eis

177 3869 350 3939 auxilium
368 3882 531 3965 prestare
545 3866 658 3937 bremt
673 3863 864 3962 pollicitus.
886 3865 996 3953 Quod
1010 3868 1238 3964 quemadmo-

220 4140 248 4193 l.
269 4138 316 4193 stc
330 4133 499 4200 Matthaeus,
513 4155 559 4190 ern
571 4133 646 4192 dns
656 4133 685 4190 le
697 4152 753 4190 ns.

217 4230 250 4288 2.
269 4226 425 4287 nameus
436 4231 543 4284 cumb.
