2946 5070
591 485 702 548 ultan
720 483 869 545 natttns.
1202 485 1261 545 175

199 613 296 687 viros
306 614 465 710 egregios
476 613 692 713 affectusque
703 613 885 713 suppliciis
896 611 1127 693 nuntiabatur
1136 611 1259 701 nobie

206 727 370 822 quamvis
386 727 493 799 etiam
507 725 573 824 ipsi
589 725 634 798 de
651 723 781 824 quibus
794 724 969 824 supplicia
978 726 1152 825 reposcite
1165 739 1260 816 sunt,

199 840 433 940 plenissimas,
452 857 493 915 ut
508 843 645 935 caeteri,
662 843 827 918 omnium
843 843 1034 917 criminum
1051 841 1264 917 abolitiones

199 972 236 1033 et
258 959 337 1034 vitae
359 957 612 1058 bonorumque
632 960 837 1034 securitates
853 985 890 1034 se
912 961 1089 1060 accepisse
1105 957 1265 1063 confide·
1309 958 1315 973 '

200 1086 297 1163 rent,
315 1085 350 1144 et
367 1087 557 1171 propterea
572 1071 641 1151 sibi
660 1073 706 1147 de
724 1073 932 1171 tempestiua
959 1072 1040 1170 iuga
1055 1072 1263 1164 consulere,

200 1180 291 1272 nihil
306 1182 527 1279 hesitantes,
549 1184 697 1259 minime
715 1185 946 1263 curavissent.

516 1597 519 1604 .
545 1540 802 1615 ctPtTnttJtt
827 1540 934 1654 vul..

202 1733 243 1789 De
255 1734 432 1790 “moratione
449 1749 476 1791 et
491 1735 633 1795 residentia
647 1737 676 1791 in
688 1736 827 1801 brania,
844 1749 870 1795 et
885 1733 964 1808 regiis
977 1733 1161 1789 securitatibus
1171 1717 1269 1806 ubique

571 1882 572 1886 Ἰ
593 1823 622 1876 in
632 1841 716 1895 regno
727 1821 879 1896 publicatis.

253 2000 484 2075 interclusam
506 1999 626 2098 itaque
652 2000 757 2075 nobis
777 2003 816 2076 in
842 2001 995 2100 patriam
1024 2013 1060 2071 et
1085 1998 1270 2073 ecelesiam

203 2133 364 2195 nostram
387 2115 564 2193 redeundi
589 2116 792 2196 facultatem
814 2118 994 2208 maxime,
1013 2139 1121 2212 quam
1150 2115 1272 2191 retuli·

204 2259 310 2326 mus,
335 2258 358 2310 a
386 2232 492 2305 nobis
522 2250 685 2333 suscepta
710 2235 840 2330 legatio
865 2233 1005 2324 eiiecit,
1037 2231 1272 2329 animumque

204 2350 296 2445 regis
309 2362 457 2448 perante
473 2348 566 2423 male
582 2349 689 2425 nobis
705 2365 873 2450 pacatum
887 2347 937 2423 ob
950 2372 1084 2444 eaquae
1098 2347 1271 2420 recensita

204 2478 306 2559 sunt,
327 2465 365 2542 in
389 2461 503 2541 mutto
526 2462 701 2543 acriorem
726 2481 833 2565 atque
860 2463 1081 2540 acerbiorem
1109 2461 1273 2557 indigna·

204 2581 341 2661 tionem
366 2580 541 2655 accendit.
573 2586 660 2669 Quae
690 2583 974 2681 praesennentes,
1004 2595 1041 2655 et
1065 2579 1209 2677 qualem
1232 2578 1270 2651 in
1396 2598 1400 2615 ·

205 2721 312 2775 tuum
335 2722 545 2794 germanum
558 2713 810 2797 cunctosque,
830 2723 922 2795 quos
939 2697 1007 2773 sibi
1031 2719 1136 2768 nosse
1153 2706 1272 2794 posset

204 2813 448 2889 benivolentia
457 2815 613 2911 junctos,
632 2815 795 2893 animum
811 2829 946 2912 gereret
960 2838 1035 2900 uon
1051 2812 1269 2911 ignorantes,

205 2930 431 3008 decrevimus
442 2932 481 3005 iu
495 2944 573 3003 tuto
587 2956 654 3004 nos
672 2933 710 3005 in
727 2932 887 3007 Lovanio
906 2945 1047 3024 nostro,
1067 2928 1150 3001 loco
1166 2924 1272 3003 nobis

206 3053 254 3133 ab
288 3056 372 3154 ipsis
402 3055 649 3132 adolescentiae
686 3056 790 3128 annis
827 3055 1033 3145 notissimo,
1064 3052 1269 3141 continere,

207 3173 352 3271 illicque
373 3174 531 3273 opperiri
558 3175 588 3245 si
610 3173 701 3245 forte
725 3177 838 3266 Deus,
871 3173 1119 3248 infelicissimae
1148 3168 1272 3268 patrie

159 3323 162 3327 ’
210 3289 395 3385 nostrique
428 3289 614 3364 miseratus
642 3288 798 3381 laboris,
826 3314 881 3361 nes
910 3303 1049 3361 nostras
1073 3288 1208 3384 laceras
1237 3297 1274 3360 et

208 3418 391 3502 quassatas
413 3430 477 3480 sua
503 3404 710 3500 dignatione
737 3405 933 3504 aliquando
960 3405 997 3476 in
1024 3403 1174 3477 meliora
1198 3399 1274 3477 du-

209 3537 309 3594 ceret
323 3522 583 3596 instaurandas.

262 3639 371 3726 Quod
388 3664 473 3712 cnm
491 3639 711 3733 faceremus,
729 3655 765 3712 et
793 3665 932 3713 menses
953 3641 1128 3738 plurimos
1150 3638 1221 3710 illio
1237 3637 1275 3708 in

194 3855 197 3859 ῃ
212 3757 350 3829 incerto
363 3772 470 3853 atque
488 3758 636 3855 ancipiti
657 3751 938 3850 detrivissemus‚
960 3756 1159 3833 suadebant
1175 3753 1276 3825 multi

213 3869 313 3970 quod
331 3897 453 3945 secure
468 3874 507 3945 in
525 3873 678 3973 patriam
699 3874 826 3945 reverti
841 3886 1065 3974 poteramus,
1087 3870 1278 3943 referentes

213 3968 350 4089 regium
368 3989 542 4087 animum,
562 3989 664 4062 initio
685 3988 832 4088 quidem
851 3989 1035 4080 turbatum
1048 4003 1083 4075 et
1104 3989 1156 4060 ira
1172 4002 1280 4091 atque

213 4102 460 4204 indignatione
477 4121 564 4191 tuoe
579 4120 817 4201 commotum,
833 4105 1112 4189 inclementiam
1127 4119 1164 4181 et
1179 4128 1281 4181 man·

215 4222 441 4296 suetudinem
462 4223 612 4296 omnino
633 4216 858 4317 revolutum,
884 4221 1137 4321 regalibtnque'
1155 4220 1280 4295 edictis
