2946 5070
597 483 708 539 usust
727 483 879 539 Paulus.
1212 487 1267 544 att

210 613 361 686 cationis
396 615 558 712 corporis
595 627 631 687 et
660 612 845 686 bonorum
881 639 1029 688 suorum
1065 618 1265 691 incurrisse.

210 721 305 809 Proh
325 728 425 803 netas
444 743 483 803 et
502 729 697 827 indignum
710 728 859 824 facinus,
875 744 982 835 atque
998 756 1105 832 snpra
1124 756 1270 809 omnem

209 841 447 917 barbaromm
468 844 618 918 modum
642 844 860 919 exsecranda
887 845 1054 944 iuirpritas
1081 861 1118 921 et
1141 847 1269 923 cmde·

208 957 305 1032 litasl
321 964 444 1058 Neque
460 962 557 1032 enim
569 961 690 1059 aliquo
705 961 917 1059 cujusquam
928 962 1073 1036 decreto
1084 964 1139 1038 vel
1152 965 1270 1041 edicto

208 1077 378 1175 principis
397 1101 556 1174 unquam
577 1077 720 1173 relegati
736 1101 800 1150 seu
818 1076 959 1155 banniti
981 1079 1111 1153 suimus
1127 1081 1271 1159 velera·

207 1216 305 1282 mus,
325 1217 392 1264 nec
406 1206 602 1292 proventus
619 1193 856 1291 spiritualium
880 1209 1083 1267 nostrorum
1105 1209 1192 1269 tunc
1217 1221 1271 1271 ar·

207 1309 326 1379 restati
342 1308 397 1383 vel
414 1308 576 1407 impediti
593 1307 699 1382 nobis
721 1324 841 1401 erant,
860 1325 897 1383 et
912 1312 949 1383 in
966 1313 1068 1383 terris
1088 1313 1161 1408 regi
1184 1327 1271 1389 tunc

207 1424 307 1499 nullo
327 1424 438 1497 modo
454 1426 607 1499 inimicis
626 1426 931 1518 consistebamus,
953 1427 1016 1500 sed
1034 1427 1080 1501 ad
1097 1453 1198 1526 quas,
1218 1430 1272 1501 uti

206 1538 380 1633 diximus,
403 1540 547 1641 publice
568 1565 611 1614 ac
633 1541 745 1615 libere
770 1541 941 1616 omnibus
961 1545 1152 1640 regnicolis
1174 1560 1271 1644 pate·

205 1652 294 1727 bant
315 1681 476 1741 accessus
498 1670 534 1730 et
560 1657 787 1732 commercia.
814 1663 858 1731 Et
884 1673 1006 1732 tamen
1030 1684 1097 1759 pro
1121 1661 1270 1737 crimine

204 1771 347 1870 capitali
363 1770 410 1845 ab
436 1771 505 1844 illis
529 1772 638 1870 aequis
652 1771 833 1869 judicibus
849 1771 1047 1847 ducebatur
1064 1773 1163 1871 quod
1185 1774 1270 1849 dicti

204 1902 420 1960 mercatores
437 1887 494 1962 vol
505 1911 527 1960 a
538 1888 668 1961 nostris
686 1887 734 1961 ad
749 1913 816 1963 nos
830 1888 1009 1987 epistolas,
1027 1889 1083 1962 vel
1102 1915 1270 1965 nummos
1344 1892 1348 1901 “

204 2001 431 2096 detulissent,
459 2002 591 2077 talibus
623 2002 785 2103 profecto
817 2004 953 2078 meritis
984 2006 1204 2079 incurrentes
1231 2007 1268 2079 in

203 2120 293 2193 illud
317 2121 566 2220 propheticum
592 2121 851 2194 maledictum:
876 2151 893 2191 u
913 2119 996 2194 Vaet
1022 2122 1084 2219 qui
1107 2122 1269 2211 condunt

203 2237 297 2335 leges
314 2238 474 2337 iniquas,
495 2253 531 2311 et
551 2238 745 2319 scribentes
760 2238 968 2336 injustitiam
989 2241 1205 2337 scripserunt
1230 2255 1271 2321 ut

203 2355 448 2452 opprimerent
460 2356 498 2427 in
508 2356 645 2452 judicio
654 2381 843 2456 pauperes,
860 2371 895 2428 et
903 2357 978 2428 vim
987 2355 1146 2429 lacerent
1155 2382 1269 2433 causae

203 2469 395 2542 humilium
423 2471 548 2569 populi
572 2473 665 2563 mei,
692 2473 754 2569 qui
771 2471 896 2543 dicunt
922 2472 1061 2545 bonum
1081 2473 1217 2553 malum
1234 2489 1270 2547 et

203 2587 336 2660 malum
358 2587 521 2681 bonum,
540 2603 716 2686 ponentes
736 2589 856 2662 lucem
872 2588 1038 2663 tenebras
1051 2605 1087 2662 et
1103 2589 1269 2664 tenebras

202 2701 333 2775 lucem.
362 2703 460 2791 Quid
475 2704 609 2777 iacietis
626 2705 664 2776 in
683 2702 742 2777 die
764 2704 975 2810 visitationis
999 2719 1036 2776 et
1061 2705 1275 2781 calamitatis

203 2816 249 2891 de
270 2819 378 2914 longe
404 2819 618 2895 venientes?
644 2818 698 2892 td
722 2820 822 2915 cujus
847 2819 1059 2915 confugietis
1076 2822 1268 2907 auxilium?

202 2949 270 3007 etc.
294 2965 311 3001 a

232 3049 320 3129 ‚Sed
343 3066 379 3123 et
398 3052 489 3124 alius
505 3050 678 3125 honestus
698 3051 785 3124 civis
815 3050 1128 3148 Rothomagensis‚
1160 3053 1268 3128 nobis

202 3166 382 3242 affinitatis
411 3170 678 3269 propinquitate
708 3173 940 3266 conjunctus,
972 3171 1173 3245 vicinorum
1205 3173 1268 3247 de·

202 3285 343 3358 territus
356 3287 488 3385 poenis,
508 3301 634 3360 contra
652 3311 741 3384 quas
756 3285 823 3361 sibi
843 3287 982 3361 nullum
995 3289 1085 3385 juris
1096 3287 1265 3363 auxilium

203 3400 259 3473 vel
274 3403 473 3477 remedium
488 3427 563 3477 esse
588 3403 746 3500 sciebat,
769 3429 814 3477 eo
831 3405 931 3501 quod
949 3421 986 3477 et
1007 3408 1172 3481 conscius
1197 3407 1266 3483 sibi

201 3533 293 3593 esset
307 3519 360 3595 ad.
375 3546 456 3614 nos,
470 3521 576 3595 simili
591 3521 891 3594 commerciorum
907 3520 1069 3595 libertate
1084 3538 1263 3612 currente,

202 3657 371 3707 nummos
387 3620 527 3733 aliquos
552 3635 718 3710 detulisse
735 3636 774 3708 in
800 3635 1050 3730 Brabantiam,
1071 3638 1266 3737 prudenter

201 3748 501 3825 calumniatorum
516 3766 623 3848 atque
641 3776 895 3852 oppressorum
919 3753 1151 3827 innocentum
1171 3753 1264 3857 furo·

200 3891 277 3940 rem
302 3868 541 3965 praeveniens,
568 3868 701 3965 jactato
724 3868 885 3942 similiter
910 3870 948 3944 in
976 3894 1103 3943 eorum
1134 3895 1264 3947 manus

200 4006 332 4081 magno
361 3985 438 4057 auri
467 3984 609 4084 pondo,
642 3984 701 4056 vix
729 4009 775 4058 ne
805 3985 842 4056 in
871 3976 1049 4059 carcerem
1081 4003 1264 4084 raperetur

200 4102 328 4193 evasit,
356 4125 495 4199 semper
511 4116 630 4173 tamen
654 4101 780 4173 anxius
798 4125 947 4174 manens
961 4116 996 4173 et
1012 4101 1143 4174 dubius
1161 4130 1205 4177 ne
1218 4107 1260 4176 in

200 4215 276 4288 dies
302 4216 358 4289 vel
382 4206 598 4313 abeisdem,
622 4215 848 4303 selabaliis,
864 4216 977 4301 novis¹
995 4218 1259 4310 commissoriis,
