2946 5070
217 459 274 517 122
485 456 740 514 mstomatttt
759 456 939 515 Luuotttcl
958 455 1002 512 xl

265 593 308 661 Et
323 603 498 685 quantum
512 588 660 685 quidem
676 588 722 661 ad
744 589 872 662 ducem
886 589 1009 663 attinet
1024 586 1223 659 Clivensem
1237 602 1270 661 et

214 704 468 801 Trajectenses,
497 727 557 776 rex
580 704 737 777 accusari
759 703 805 777 de
823 702 893 775 tide
917 705 968 777 eis
991 727 1066 775 nou
1088 702 1270 781 observata

215 820 362 892 minime
380 818 556 910 debebat,
575 844 659 892 cum
679 845 754 892 non
772 835 948 893 constaret
973 845 1036 894 eos
1056 819 1172 892 ullum
1191 846 1270 893 cum

213 934 341 1008 eodem
359 935 472 1009 soedus
486 937 708 1035 percussisse.
730 934 800 1008 Sed
817 935 914 1009 aliud
937 935 1092 1009 fortassis
1110 937 1270 1011 estimari

213 1051 384 1148 potuisset
399 1050 445 1123 de
459 1051 521 1123 illo
540 1052 710 1148 sacrilego
724 1051 900 1150 parricida
917 1051 963 1123 de
976 1049 1193 1140 Arenberclr,
1212 1053 1271 1148 qui

213 1191 256 1239 ex
269 1168 367 1264 jussu
384 1182 420 1239 et
439 1165 665 1241 ordinatione
686 1169 793 1264 regis,
819 1168 866 1240 ad
888 1169 953 1240 iter
968 1167 1036 1238 sibi
1054 1168 1217 1265 pervium
1235 1168 1271 1240 in

213 1281 459 1371 Brabantiam‚
474 1307 538 1380 per
556 1283 806 1357 Leodiensium
823 1298 951 1372 terras,
970 1296 1075 1380 atque
1091 1308 1158 1357 suo
1176 1308 1272 1356 exer·

212 1398 297 1470 citui
314 1398 568 1496 aperiendum,
590 1399 815 1472 transmissus
830 1399 934 1472 fuisse
953 1397 1073 1495 (quod
1085 1398 1169 1470 satis
1189 1400 1273 1473 veri·

212 1516 326 1588 simile
351 1540 425 1589 esse
451 1515 614 1613 videtur)
639 1515 837 1607 serebatur3
871 1516 933 1589 sed
958 1516 996 1587 id
1019 1515 1167 1611 quidem
1191 1532 1271 1589 ante

212 1633 310 1730 pacis
334 1632 466 1707 soedera
491 1633 675 1733 paululum
701 1649 781 1732 post
808 1659 891 1707 cum
916 1633 1008 1707 duce
1033 1632 1177 1704 Austriae
1196 1656 1273 1729 per·

211 1772 324 1821 cussa.
350 1753 414 1821 Per
430 1753 530 1847 quae¹
547 1751 630 1821 satis
648 1765 835 1848 appareret
850 1774 893 1820 ex
917 1748 994 1835 his,
1016 1772 1095 1845 quae
1111 1748 1272 1846 proxime

211 1864 410 1955 retulimus,
430 1864 598 1939 eumdem
611 1864 815 1937 Arenberclr
828 1889 850 1938 a
861 1865 985 1962 coeptis
1000 1887 1064 1961 per
1075 1887 1161 1935 eum
1178 1863 1274 1958 (etsi¹

207 1981 304 2077 jussu
324 1981 422 2077 regio
439 1997 562 2054 exorta
579 1980 742 2070 tuissent,
759 1978 1065 2076 quemadmodum
1080 1978 1197 2049 verim
1211 2004 1273 2077 pu·

210 2096 364 2187 uebatur,
389 2096 499 2194 idque
516 2122 634 2194 regem
657 2099 775 2195 ipsum
797 2097 938 2195 publice
964 2096 1071 2169 etiam
1087 2095 1272 2191 agnouisse

211 2212 444 2301 asserebatur,
459 2213 559 2309 quod
574 2229 689 2286 totum
705 2213 804 2308 jussu
814 2215 826 2250 ⁸
837 2238 903 2284 suo
916 2212 1047 2284 factum
1062 2225 1156 2284 esset
1169 2210 1273 2307 quid-

211 2328 298 2425 quid
309 2328 406 2400 idem
421 2327 624 2401 Arenberclr
636 2330 877 2429 patravisset),
891 2354 934 2400 ex
952 2344 1039 2401 mne
1055 2352 1177 2424 regem
1190 2351 1272 2401 eum

210 2442 376 2518 desistere
390 2445 553 2517 voluisse.

258 2561 361 2658 Atqui
381 2560 462 2633 licet
482 2584 557 2633 oon
584 2562 736 2634 nesciret
761 2587 798 2633 se
826 2561 887 2635 tali
910 2559 1043 2632 soedere
1066 2584 1131 2658 per
1156 2584 1271 2656 regem

211 2674 317 2747 titisse
347 2675 557 2749 derelictum
592 2677 861 2774 expositumque
892 2676 976 2748 duci
1010 2677 1176 2763 Austriae‚
1214 2676 1270 2747 cui

209 2793 382 2865 etiamad
407 2818 491 2865 eum
516 2793 771 2891 proterendum
800 2817 843 2866 ac
871 2791 1137 2891 profligandum
1166 2818 1270 2893 opem

209 2907 363 2981 laturum
376 2910 554 3009 pollicitus
566 2924 662 2998 arat,
680 2933 754 2981 non
773 2924 891 2983 tamen
902 2908 1023 2981 adhuc
1035 2906 1170 2981 destitit
1184 2911 1269 3006 quin

208 3024 385 3098 civitatem
404 3041 439 3098 et
458 3025 633 3124 oppidum
651 3031 815 3122 Hoyeuse
827 3028 837 3063 ⁸
851 3051 935 3099 cum
954 3025 1139 3098 nonnullis
1149 3027 1272 3100 enstel-

208 3140 251 3211 lis
264 3143 460 3215 retinuerit.
486 3146 579 3215 Sane
601 3167 684 3215 cum
705 3140 962 3214 Brabantiones
981 3141 1129 3215 adeum
1154 3143 1212 3215 vel
1234 3144 1269 3214 in

209 3258 329 3352 ssope,
356 3257 420 3331 ubi
440 3257 621 3349 adstabat,
644 3257 923 3356 expugnandum
949 3257 1005 3329 rel
1028 3244 1269 3332 obsidendum

208 3372 302 3445 cirea
309 3373 383 3446 duo
393 3375 555 3448 milliaria
567 3399 681 3474 prope
690 3373 825 3446 dietum
838 3374 1012 3473 oppidum
1026 3375 1266 3463 secessissem,

207 3484 283 3582 ipse
295 3487 483 3583 sacrilegus
499 3487 536 3561 id
554 3487 766 3586 pervidens,
784 3487 843 3560 die
859 3488 1000 3597 decima
1016 3503 1115 3561 sexta
1139 3489 1269 3562 mensis

208 3602 324 3674 madii
341 3626 440 3676 anuo
455 3605 603 3677 Domini
621 3628 890 3691 ucccmuxnr,
918 3629 1001 3675 cum
1026 3605 1069 3675 iis
1088 3627 1181 3700 quas
1200 3604 1268 3675 ool·

208 3716 314 3810 ligere
331 3734 494 3815 potuerat
514 3720 647 3817 copiis,
668 3736 741 3792 tam
760 3719 988 3791 ruthenorum
1003 3743 1116 3817 quam
1131 3719 1264 3791 insola·

251 3938 276 3988 Ι,
300 3934 447 3991 1³0·er
460 3955 557 4013 qm.

246 4028 275 4080 2.
298 4024 447 4083 Mattheus
459 4042 488 4082 et
499 4034 572 4085 sire.

247 4120 274 4173 3.
299 4116 447 4175 Matthtus
459 4125 577 4190 injussu.

247 4212 276 4266 d.
300 4213 353 4266 Ns.
369 4214 504 4285 Boym.
