2946 5070
531 508 644 567 LIBER
668 510 825 568 sttxttttt.
1170 506 1210 565 97

143 652 181 709 et
202 639 305 710 terris
327 639 413 732 suis,
443 662 510 711 suo
534 639 705 739 pontifice
733 643 893 733 secluso,
923 654 961 715 et
974 638 1075 740 quod
1095 640 1148 715 eir
1162 642 1221 717 ad'

144 755 396 829 sustinendum
415 769 492 827 tam
508 754 661 828 difficilis
677 756 763 830 belli
777 756 923 859 pondus
945 754 1144 856 majoribus
1159 756 1212 831 eis

144 872 281 946 viribus
305 898 398 973 opus
421 876 539 963 esset¹,
561 876 763 971 cogitarunt
777 876 930 974 qualiter
951 897 1018 949 suo
1039 874 1211 977 episcopo

146 1005 331 1087 potentem
362 990 519 1087 aliquem
550 989 795 1066 adversarium
828 1006 1073 1093 opponerent,
1103 1014 1213 1090 quem

147 1105 234 1204 ipsi,
256 1107 351 1180 velut
368 1107 520 1180 civitatis
544 1122 580 1179 et
607 1111 730 1207 patriae
753 1111 831 1183 vice
855 1108 1036 1211 pontificis
1052 1106 1215 1183 defenso-

146 1246 225 1293 rem
242 1224 315 1295 sive
332 1222 565 1316 advocatum,
584 1225 661 1319 vel,
683 1241 722 1299 ut
735 1228 842 1323 vulgo
860 1229 1071 1326 loquuntur,
1084 1248 1217 1299 ruwar·

145 1338 264 1430 dum',
291 1340 450 1412 illectum
471 1365 534 1439 spe
550 1342 799 1443 episcopatum
823 1342 1012 1417 obtinendi
1026 1356 1110 1442 post
1120 1365 1217 1416 mor·

146 1470 222 1528 tem
239 1457 295 1528 vel
321 1457 583 1555 depositionem
600 1460 653 1530 sui
681 1459 874 1559 pontificis,
906 1458 1153 1531 adciscerent'.
1174 1462 1218 1531 Et

147 1571 274 1644 oculos
290 1572 519 1645 deflectentes
535 1573 581 1645 ad
598 1574 892 1671 Enghelbertum,
910 1573 1055 1647 fratrem
1072 1574 1218 1667 illustris

148 1689 252 1762 ducis
280 1690 489 1784 Clivensis⁴,
526 1691 791 1765 adolescentem
824 1691 1004 1786 nobilem,
1037 1716 1218 1765 annorum

148 1805 290 1877 circiter
316 1805 498 1878 decentet
526 1821 622 1901 octo,
648 1833 764 1905 neque
789 1809 984 1880 litterarum
1001 1786 1129 1906 peritia⁸
1151 1832 1220 1880 nec
1277 1906 1282 1916 ἢ

150 1920 311 2020 probatis
338 1920 458 1993 adhuc
480 1921 642 1994 moribus
658 1924 741 1995 satis
763 1924 937 2020 agnitum,
958 1924 1118 1995 intonsas
1139 1922 1221 1996 bar·

150 2034 218 2109 bas
244 2040 503 2130 servaverunt⁸‚
534 2037 652 2110 donec
680 2064 783 2131 eum,
817 2041 890 2111 suis
914 2054 954 2110 ut
978 2039 1222 2111 voluntatibus

152 2155 337 2226 assentiret
372 2154 487 2252 (quod
521 2179 595 2226 non
632 2155 775 2228 difficile
808 2155 903 2228 sactu
931 2156 1026 2253 suit),
1055 2156 1091 2227 in
1121 2182 1222 2230 suam

152 2269 421 2342 introducerent
438 2270 617 2343 civitatem
644 2326 652 2341 .

202 2385 424 2458 Mirabantur
438 2386 541 2458 multi
555 2411 620 2459 cur
643 2385 852 2483 hujusmodi
871 2399 1027 2459 rectores
1041 2400 1078 2458 et
1095 2386 1223 2482 magis-

153 2514 267 2573 tratus
284 2501 434 2574 civitatis
450 2500 570 2574 subito
586 2503 623 2601 in
640 2503 739 2575 illam
755 2502 959 2575 barbariem
978 2527 1053 2574 sese
1069 2502 1223 2573 invicem

154 2618 402 2711 soederasseut,
422 2633 462 2690 ut
483 2620 675 2716 promissas
700 2620 820 2691 cuncti
841 2634 967 2691 contra
989 2619 1124 2716 patrios
1143 2641 1223 2709 mo·

155 2759 212 2807 res
232 2733 411 2806 deferrent
437 2733 589 2807 barbas:
607 2732 707 2831 quod
724 2749 870 2832 perante
889 2734 1036 2805 minime
1062 2727 1225 2806 consues-
1248 2739 1250 2743 ’

154 2865 246 2921 scut.
280 2849 349 2922 Sed
378 2876 476 2942 cum,
506 2850 716 2922 adremaro*
738 2850 885 2947 praesato
914 2846 1154 2944 Enghelberto
1177 2847 1223 2920 ad

155 2965 357 3057 civitatem,
387 2988 447 3036 eas
464 2979 609 3063 repente
634 2989 760 3036 omnes
773 2963 922 3062 pristino
941 2988 1041 3034 more
1058 2962 1226 3035 detonsas

159 3080 353 3172 baberent,
379 3080 463 3153 satis
492 3079 672 3179 probabili
700 3080 906 3176 conjectura
938 3080 1149 3152 aestimatum
1174 3093 1226 3150 est

200 3327 230 3381 l.
254 3326 309 3381 lis.
325 3342 385 3381 esre
394 3344 404 3393 3
420 3321 522 3382 llatth.
537 3334 609 3379 erat.

200 3422 231 3476 2.
254 3421 401 3488 Ruuuert,
417 3415 554 3496 gardim,
573 3427 749 3494 protecteur.

202 3515 232 3570 3.
254 3513 308 3567 Ms.
324 3515 479 3568 assisteret.
496 3508 597 3567 Matth.
613 3507 776 3582 objicerent.

201 3606 231 3662 la.
255 3602 387 3680 Adolphe
401 3602 437 3661 de
450 3602 561 3660 Clcves.

201 3701 232 3755 tt.
254 3696 357 3756 Matth.
376 3704 487 3754 intonsa
499 3695 587 3754 barba
599 3698 777 3754 adsciverunt
795 3696 988 3753 sollicitantes.
1009 3692 1081 3752 Mais
1100 3691 1120 3750 il
1137 3689 1230 3771 parait

161 3791 243 3849 avoir
258 3790 370 3869 corrige
384 3791 411 3849 le
426 3803 503 3850 texte
517 3810 583 3849 sans
596 3790 624 3848 le
638 3788 839 3867 compreudre.
855 3790 934 3846 Nuus
953 3787 1119 3864 changeons
1137 3785 1229 3843 seule-

162 3897 243 3942 ment
259 3887 369 3941 intonsa
384 3883 472 3941 barba
485 3883 536 3961 qui
549 3896 593 3942 est
609 3883 684 3941 aussi
700 3881 772 3940 dans
786 3881 813 3939 le
827 3901 882 3939 ms.

205 3982 234 4037 6.
256 3978 354 4036 L²acte
367 3997 420 4055 par
432 3978 528 4055 lequel
542 3975 691 4056 Engilbcrt
702 3975 739 4034 de
751 3975 852 4034 Cleves
860 3975 904 4032 iut
918 3974 996 4052 erige
1010 3992 1046 4030 en
1057 3972 1231 4051 prctendant

163 4072 200 4131 de
212 4069 342 4130 l'cvccht'e
358 4070 528 4143 d’Utrecht‚
544 4084 589 4129 est
602 4070 668 4129 date
682 4070 721 4128 du
735 4071 752 4126 8
768 4067 921 4127 decembre
937 4069 1025 4128 1481.
1043 4067 1067 4124 ll
1082 4079 1124 4125 est
1138 4066 1232 4145 parmi

163 4164 204 4225 les
218 4165 401 4225 annotations
415 4165 452 4224 de
463 4165 614 4224 llattlraeus
627 4168 644 4222 a
657 4164 781 4223 Thomas
794 4162 890 4221 Rasin.

204 4266 235 4321 Ἰ.
248 4264 454 4329 Adventante?
468 4261 771 4335 Matthaeus‚·adventu
783 4260 920 4337 prefati,
934 4269 990 4315 etc.

244 4378 280 4417 nr
1055 4358 1071 4412 t
