2946 5070
197 480 258 539 Μ
618 477 829 549 mu.

196 613 465 712 competitione
480 637 560 709 quse
575 609 1267 710 iuferiusdicmdammquffius,

199 727 1269 828 nonperoonjocturumsedoertiutqueiudubitatistu-

198 844 1270 944 umooiis‚uutlaorlpauostra‚sedpnoetodummet

199 966 473 1063 amurejustitiae
488 963 1270 1063 atqoereipubtioe‚ejusinmiuoeod·m

198 1079 879 1181 compertumhebuimnscthabemus.

351 1381 365 1414 ·
568 1383 825 1454 curnuunn
849 1382 916 1481 u„

352 1524 355 1529 ¹
409 1573 1061 1649 &ammoneremus-tura

250 1762 293 1831 Et
311 1784 353 1832 ex
370 1759 425 1832 his
443 1758 590 1859 quidem
606 1783 721 1843 unum
742 1757 934 1835 reseremus
949 1757 1071 1852 unde,
1091 1784 1180 1833 curu
1195 1787 1272 1835 om-

203 1876 378 1974 nipotenti
396 1879 473 1948 Deo
491 1875 691 1973 obsequi
660 1899 806 1972 ejusque
827 1875 1013 1974 preceptis
1032 1898 1077 1947 ae
1098 1875 1272 1976 henepla-

202 1991 279 2065 citis
303 1990 552 2090 obtemperare
573 1989 816 2082 studeremus,
835 2014 902 2065 occ
922 1990 1056 2086 regiam
1081 2007 1272 2092 propterea

202 2104 438 2180 ollensionem
451 2105 525 2179 ullo
542 2103 652 2179 modo
664 2103 877 2177 contrahere
886 2101 1017 2177 debere
1030 2129 1269 2202 speraremus,

205 2221 337 2294 invisos
354 2238 389 2295 et
404 2220 676 2320 quodammodo
699 2236 880 2320 suspectos
902 2220 989 2313 sibi,
1008 2225 1176 2319 quamvis
1192 2225 1272 2299 satis

205 2336 491 2412 irrationabiliter
508 2362 574 2410 nos
589 2336 698 2417 sactus
716 2336 821 2410 luisse
832 2337 1086 2438 comperimus.

256 2458 348 2527 Corn
365 2456 463 2531 enirn
481 2455 607 2529 urbem
625 2459 819 2529 Remorum
837 2481 880 2528 ex
902 2457 1043 2532 civitate
1064 2472 1206 2550 nostra,
1225 2457 1272 2530 ad

207 2571 488 2647 interessendum
504 2573 588 2651 novi
604 2572 695 2668 regis
711 2596 817 2646 sacrae
828 2574 1003 2666 unctioni,
1019 2574 1255 2694 petiissemus¹
1259 2631 1269 2665 ,

207 2713 338 2785 magno
355 2687 516 2786 prolecto
533 2686 710 2761 desiderio
729 2686 929 2765 ferebamur
948 2703 984 2759 et
999 2714 1121 2786 regem
1136 2716 1272 2770 uorum

206 2826 398 2901 agnoscere
420 2819 455 2879 et
475 2803 615 2892 videre,
639 2804 701 2899 qui
723 2801 817 2879 sama
842 2805 1096 2881 tantummodo
1126 2821 1272 2905 perante

207 2920 312 2995 nobis
340 2934 446 2993 notus
470 2919 666 3012 exstiterat,
685 2933 721 2990 et
743 2933 877 2994 tentare
894 2922 923 2997 si
945 2919 1031 3017 quid
1050 2922 1151 3020 apud
1173 2948 1271 3008 suam

207 3038 442 3134 majestatem,
460 3050 533 3111 tarn
550 3060 617 3133 pro
635 3035 743 3109 totius
766 3037 865 3133 regni
888 3060 996 3134 quam
1024 3053 1157 3112 nostne
1172 3041 1273 3113 mise·

206 3150 325 3224 rendoe
341 3151 532 3251 provincie
554 3149 698 3250 publica
722 3151 870 3227 utilitate
895 3152 951 3227 vel
976 3155 1191 3261 impetrare,
1217 3155 1270 3227 vel

207 3289 392 3364 suggerere
417 3281 479 3340 aut
503 3265 652 3340 suadere
676 3290 872 3364 possemus.
903 3271 992 3344 Nam
1021 3293 1106 3342 cum
1135 3272 1272 3343 noviter

209 3395 308 3455 tanto
325 3406 407 3454 eum
426 3383 587 3455 omnium
605 3406 749 3457 assensu
772 3406 814 3459 ac
838 3383 976 3479 lavore,
998 3386 1271 3483 quodammodo

208 3523 250 3569 ex
268 3498 420 3597 profugo
436 3513 472 3571 et
487 3499 619 3586 exsule,
635 3513 724 3571 esset
739 3514 880 3574 evectus
896 3501 933 3572 in
952 3525 1116 3597 reguum,
1139 3502 1273 3577 fuisset-

208 3638 278 3713 que
296 3637 489 3712 perennes
504 3614 622 3714 plures
637 3612 673 3683 in
693 3613 815 3688 illustri
835 3613 946 3687 domo
964 3640 1006 3687 ac
1023 3617 1124 3688 terris
1140 3617 1273 3690 floren·

207 3729 347 3805 tissimis
369 3730 476 3802 felicis
506 3728 762 3811 recordatiouis
787 3728 955 3828 Philippi,
983 3728 1086 3805 ducis
1115 3736 1273 3831 Burgum·

206 3845 375 3938 dlorrurn,
395 3843 550 3941 quadam
573 3845 670 3917 velut
691 3845 727 3916 in
751 3845 874 3919 schola
892 3861 926 3917 et
943 3844 1132 3949 disciplina
1149 3849 1274 3922 mode·

207 3967 326 4044 nodo
349 3966 399 4039 rei
418 3964 568 4066 publicae
592 3965 826 4063 omniumque
850 3950 1076 4043 heroicarum
1101 3970 1275 4047 virtutum

248 4221 277 4279 l.
300 4219 377 4279 Aotlt
397 4219 487 4281 ttct.
