2946 5070
488 498 598 554 LIBER
619 497 823 553 SECUNDUS.
1132 490 1190 543 383

123 633 270 706 babenti
285 656 356 705 suae
372 655 488 730 pravae
506 631 681 703 voluntati
696 629 925 701 assentientes
944 650 986 699 ac
1003 611 1191 697 foederatos

124 750 260 844 regium
274 748 488 820 advocatum
502 771 545 820 ac
560 759 830 845 procuratorem
847 768 909 816 seu
924 767 1052 814 eorum
1064 740 1192 813 substi-

124 878 220 936 tutos
232 866 309 963 (qui
325 865 565 937 communiter
577 889 620 935 ex
637 860 876 960 iniquioribus
889 861 998 932 totius
1010 858 1133 957 patriae
1145 856 1191 929 ad

124 979 207 1051 talia
223 977 342 1050 officia
353 979 520 1077 'pecuniae
537 979 739 1051 interventu
755 975 923 1048 accedere
943 973 1092 1070 solent),
1112 997 1195 1071 pro·

125 1098 182 1168 cul
197 1096 323 1190 dubio,
345 1097 391 1169 de
407 1098 479 1169 vita
500 1097 601 1170 facile
624 1096 814 1195 periclitari
830 1095 961 1193 poterit
976 1118 1044 1192 pro
1067 1114 1194 1164 eorum

125 1214 258 1286 nefaria
285 1228 320 1286 et
350 1214 566 1310 nequissima
593 1213 789 1284 voluntate.
818 1210 983 1283 Conficto
1008 1209 1105 1281 enim
1130 1230 1196 1306 per

124 1328 332 1425 hujusmodi
348 1328 516 1402 olliciales
538 1329 638 1427 quod
655 1344 782 1401 contra
799 1329 905 1400 talem
928 1326 1071 1427 penitus
1090 1325 1194 1396 inno-

125 1459 267 1516 centem
290 1470 397 1544 super
422 1447 543 1543 aliquo
567 1446 716 1517 crimine
738 1444 1031 1516 informationem
1051 1464 1196 1538 accepe-

125 1559 209 1649 rint,
232 1561 350 1633 statim
372 1586 437 1660 per
459 1560 607 1632 eosdem
633 1560 888 1658 apprehensus,
912 1559 1010 1629 velut
1037 1557 1196 1628 criminis

125 1678 283 1775 capitalis
307 1702 389 1748 reus
414 1676 623 1749 detrudetur
638 1677 675 1747 in
693 1700 887 1764 carcerem,
905 1688 1134 1770 sumeturque
1150 1672 1196 1744 de

125 1815 170 1862 eo
195 1792 343 1890 quaestio
366 1791 413 1865 ad
435 1815 640 1864 mensuram
656 1807 691 1864 et
715 1790 902 1864 arbitrium
924 1814 1046 1882 suum,
1068 1802 1104 1859 ct
1117 1787 1197 1861 talis

127 1907 228 2003 quod
245 1922 306 1980 aut
323 1907 423 1980 lateri
438 1909 574 1979 crimen
595 1908 720 1980 dolore
740 1922 777 1980 et
793 1906 985 1979 acerbitate
1000 1918 1197 1977 tormento·

128 2049 222 2116 mm,
248 2040 311 2097 aut
327 2024 457 2097 referre
475 2049 512 2095 se
528 2025 575 2097 ad
595 2026 793 2120 inquestam
812 2023 933 2122 patriae
947 2022 1193 2121 compelletur.

127 2140 164 2210 si
176 2139 381 2231 confitetur,
405 2139 596 2211 damnatus
607 2154 676 2229 est3
694 2141 723 2211 si
742 2141 787 2211 ad
808 2141 1006 2236 inquestam
1024 2161 1060 2208 se
1075 2136 1197 2235 patriae

127 2254 274 2348 reserat,
298 2280 381 2327 cum
408 2280 450 2326 ex
478 2256 654 2328 levissima
676 2257 879 2355 suspicione
901 2255 956 2326 vel
982 2253 1081 2326 tenui
1105 2253 1197 2325 sama

128 2371 309 2443 interdum
331 2388 367 2444 et
383 2372 601 2470 frequentius
619 2373 785 2445 homines
801 2372 848 2445 ad
871 2370 1092 2454 credendum
1108 2394 1196 2468 prae·

128 2490 248 2561 sertim
263 2493 357 2564 mala
373 2491 417 2564 de
431 2491 603 2590 proximis
617 2492 846 2585 inducantur,
859 2505 894 2563 et
904 2490 1058 2562 maxime
1074 2488 1104 2558 si
1119 2488 1198 2584 quis

129 2607 323 2704 aliquando
352 2607 397 2680 de
427 2610 546 2706 aliqua
575 2607 679 2680 luerit
716 2604 860 2680 notatus
891 2603 1111 2703 turpitudine
1141 2603 1198 2674 vel

128 2738 324 2821 suspectus,
345 2739 408 2796 aut
422 2725 549 2795 vicinis
565 2723 658 2820 (esto
678 2748 747 2820 pro
766 2723 901 2820 justitia
916 2745 981 2793 sua
996 2718 1144 2805 tuenda,
1163 2732 1198 2790 et

130 2839 228 2911 nulla
250 2862 314 2910 sua
333 2840 439 2937 culpa
455 2840 512 2911 vel
528 2839 658 2935 injuria
674 2838 843 2935 cuiquam
868 2837 1035 2931 irrogata,
1060 2849 1101 2905 ut
1123 2832 1199 2931 ple·

129 2980 282 3052 rumque
295 2958 440 3052 assolet)
455 2956 567 3028 factus
582 2955 777 3051 aliquando
794 2955 898 3026 luerit
914 2978 1054 3045 exosus,
1071 2951 1199 3050 procul

130 3073 256 3164 dubio,
275 3098 341 3172 per
356 3073 463 3145 talem
480 3074 682 3171 inquestam
705 3088 741 3144 et
762 3073 953 3145 hominum
970 3071 1195 3159 relationem,

130 3191 291 3287 quamvis
314 3189 404 3261 nibil
430 3189 476 3262 de
503 3190 583 3262 lacti
606 3190 752 3261 veritate
775 3215 812 3261 se
835 3190 925 3261 scire
940 3187 1136 3279 affirment,
1155 3211 1198 3258 ex

130 3307 206 3377 sola
222 3331 348 3377 eorum
373 3305 581 3378 credulitate
608 3303 840 3377 damnabitur
865 3305 912 3378 ad
936 3318 1102 3394 mortem,
1131 3327 1201 3375 nec

131 3422 205 3492 ullo
222 3422 469 3519 appellationis
487 3421 646 3494 remedio
665 3446 728 3493 seu
743 3446 810 3519 pro
831 3444 1061 3517 quocumque
1077 3444 1199 3516 grava·

131 3540 241 3632 mine,
255 3539 324 3611 sibi
337 3554 420 3612 ante
431 3539 657 3613 diffinitivam
675 3565 738 3612 seu
751 3554 833 3638 post
846 3565 911 3638 per
926 3537 1090 3612 eamdem
1105 3537 1198 3612 diffi-

131 3657 279 3728 nitivam
298 3657 408 3747 illato,
430 3657 613 3730 subveniri
633 3657 666 3728 ei
683 3659 827 3756 poterit.

181 3774 288 3866 Quis,
322 3796 460 3870 quaeso,
496 3774 564 3847 nisi
592 3774 781 3871 insipiens,
820 3771 888 3845 sub
913 3774 982 3846 tali·
1011 3773 1135 3870 iniqua
1152 3786 1200 3845 et

133 3890 429 3987 perniciosissima
461 3888 538 3984 lege
565 3890 683 3962 vivere
711 3915 785 3963 non
816 3890 961 3962 horreat
992 3904 1029 3961 et
1059 3903 1201 3961 contre·

134 4008 276 4094 miscat,
297 4022 331 4078 et
348 4006 529 4106 potissime
546 4006 646 4101 quia,
668 4006 940 4104 utplurimum,
959 4031 1002 4075 ex
1022 4005 1198 4101 iniquissi-

134 4129 201 4198 mis
222 4127 450 4219 hominibus,
483 4128 601 4197 omnis
618 4126 708 4220 juris
733 4126 872 4223 penitus
898 4126 1041 4220 ignaris,
1069 4124 1199 4197 talibus

135 4245 279 4337 officiis,
306 4244 550 4336 addiximus,
576 4241 797 4341 providetur,
821 4243 883 4339 qui
913 4264 955 4313 ca
981 4242 1199 4338 frequentius
