2946 5070
573 477 683 534 LIBER
719 476 868 534 PRIMUS.
1204 476 1258 536 324

253 608 333 676 llaec
351 606 416 683 fuit
438 621 513 679 tota
537 607 759 695 humanitas,
784 607 862 678 haec
880 607 1137 705 promissorum
1156 624 1192 680 et
1209 634 1264 681 sa·

201 736 466 794 crementorum
482 722 589 813 fides,
610 749 717 821 quam
733 748 816 820 erga
832 722 975 799 fratrem
991 722 1154 821 praefatus
1169 724 1265 797 illus·

202 839 373 910 trissimus
405 841 572 939 princeps
600 841 717 940 potuit
754 864 821 938 pro
852 838 959 911 nobis
987 841 1159 914 invenire.
1192 845 1264 914 Nec

202 955 332 1025 mirum
347 954 510 1053 profecto
527 957 555 1027 si
572 980 639 1055 pro
656 957 727 1028 alio
746 956 852 1027 talem
870 954 1022 1027 offendit
1033 955 1117 1029 fidei
1130 959 1266 1032 tenaci·

202 1084 327 1158 tatem,
355 1095 438 1141 cum
459 1087 494 1143 et
516 1096 591 1143 non
617 1070 816 1144 absimilem
838 1071 875 1143 in
905 1072 1059 1169 propriis
1082 1071 1181 1145 factis
1203 1088 1265 1147 aut

202 1187 364 1283 negotiis,
385 1213 460 1260 non
479 1188 600 1276 semel,
620 1189 681 1260 scd
699 1188 844 1287 pluries,
867 1185 960 1285 proh
977 1186 1101 1259 dolor!
1123 1189 1265 1263 invenc-

202 1303 264 1395 rit,
287 1318 328 1374 ut
347 1303 393 1375 de
415 1305 525 1403 ipsius
542 1329 629 1377 nece
647 1319 754 1403 etque
771 1301 1003 1376 exstinctione
1022 1305 1213 1378 miserabili
1230 1321 1265 1378 et

202 1418 370 1492 deflenda
385 1421 575 1493 sileamus¹.

546 1704 802 1775 CAPlTULUlll
827 1705 919 1774 xxi.

354 1904 392 1955 lle
403 1903 487 1974 poenis
496 1903 594 1973 quibus
606 1915 711 1957 nocuo·
721 1913 902 1974 persecutores
913 1904 984 1958 Deus
997 1904 1109 1976 punivit.

249 2095 382 2163 Verum
402 2091 543 2164 silentio
561 2052 846 2191 praetireundum
866 2117 941 2165 non
964 2107 1016 2165 est
1032 2093 1183 2191 qualiter
1197 2119 1265 2194 pro

200 2208 273 2279 suis
291 2208 545 2306 impietatibus,
566 2207 612 2280 dc
630 2209 692 2281 illo
707 2209 820 2306 impio
842 2208 989 2282 satellite
1007 2210 1150 2306 suisque
1170 2235 1263 2281 non·

200 2321 307 2394 nullis
323 2323 360 2394 in
376 2321 445 2394 hac
461 2323 635 2418 nequitia,
659 2324 706 2398 ad
722 2325 809 2398 tales
825 2325 1015 2397 adversum
1036 2349 1103 2396 nos
1121 2327 1267 2398 concin-

200 2442 338 2511 nandas
352 2439 548 2511 calumnias
561 2438 735 2537 dolosque
748 2441 996 2532 multiformes,
1012 2441 1261 2539 complicibus,

200 2575 275 2624 non
292 2554 401 2650 longo
421 2569 502 2653 post
517 2555 669 2627 decurso
687 2572 850 2654 tempore
867 2556 990 2629 divina
1006 2558 1140 2652 justitia
1161 2559 1263 2631 debi-

201 2682 253 2740 tas
264 2669 417 2764 exegerit
427 2693 565 2768 poenas.
576 2670 639 2741 llle
649 2671 747 2742 enim
759 2670 890 2768 impius
902 2671 1053 2762 satelles,
1065 2672 1264 2769 praecipuus

201 2784 308 2855 totius
334 2785 590 2856 criminationis
618 2799 654 2857 et
680 2784 942 2857 calumniarum
971 2799 1169 2875 exsecutor,
1200 2789 1264 2883 qui

202 2898 306 2971 talem
325 2924 367 2971 ae
383 2914 535 2989 tantam,
562 2901 613 2970 uti
637 2899 839 2990 retulimus,
858 2899 954 2997 apud
971 2924 1094 2995 regem
1115 2900 1264 2994 gratiam

201 3016 397 3108 invenerat,
417 3016 508 3088 infra
524 3040 664 3087 menses
684 3030 754 3087 tres
770 3028 962 3113 postquam
978 3015 1110 3088 dictam
1128 3017 1262 3089 calum·

202 3132 298 3204 niam
316 3132 361 3204 de
376 3133 643 3205 machinatione
660 3132 698 3202 in
712 3156 837 3204 necem
854 3132 958 3227 regis,
978 3147 1014 3203 et
1027 3133 1125 3230 quod
1141 3134 1261 3205 crimi-

201 3271 302 3338 num,
319 3247 363 3320 de
375 3247 507 3345 q'uibus
517 3244 768 3319 deferebantur
779 3245 937 3344 praedicti
950 3246 1139 3319 cardinalis
1149 3249 1262 3320 Balue

199 3378 235 3434 et
264 3364 495 3436 Virdunensis
530 3361 766 3462 [episcopus]‚
795 3374 957 3435 auctores
987 3363 1260 3461 inventoresque
1332 3368 1335 3397 ²

199 3479 397 3572 fuissemus,
414 3480 603 3553 adversum
626 3504 693 3554 nos
709 3466 937 3549 confluxisset
957 3502 1020 3550 seu
1036 3478 1256 3572 affirmasset,

195 3597 336 3693 juvenis
351 3597 497 3695 quidem
513 3598 649 3669 nedum
674 3620 854 3669 annorum
870 3595 1029 3691 triginta,
1048 3596 1085 3666 in
1104 3596 1192 3667 flore
1205 3595 1262 3693 jn·

198 3709 365 3797 ventutis,
386 3707 482 3807 apud
497 3724 652 3780 castrum
670 3707 715 3778 de
734 3713 772 3779 N
760 3723 854 3802 yort
867 3707 1029 3779 Pictaviae
1049 3704 1259 3779 miserabili·

199 3838 253 3895 ter
276 3823 393 3897 obilu.
415 3827 522 3913 Nam,
546 3837 587 3893 ut
609 3847 633 3894 a
649 3822 851 3896 clarissimis
873 3822 956 3894 viris
978 3821 1167 3918 multisque
1187 3820 1259 3894 fide

241 4029 270 4087 l.
294 4025 342 4085 S‘il
364 4025 425 4084 s'en
448 4025 500 4084 tuit
516 4024 573 4096 ici,
596 4023 616 4080 il
638 4042 675 4081 en
698 4021 778 4101 parle
796 4021 867 4080 dans
886 4018 1033 4079 l'Histoire
1054 4017 1094 4078 du
1116 4021 1206 4098 regne
1223 4020 1261 4081 de

199 4119 287 4178 Louis
300 4122 359 4194 XI,
373 4131 395 4178 t.
412 4122 458 4190 11,
472 4138 502 4197 p.
521 4120 579 4174 287
595 4127 623 4174 et
637 4118 708 4176 296.

240 4216 270 4269 2.
293 4214 372 4271 Dans
384 4211 451 4269 l’ete
465 4210 501 4269 de
515 4211 604 4269 tlte.

302 4329 338 4366 ιιι
1065 4306 1099 4360 21
