2946 5070
639 462 841 532 ΑΡΟΙΜΙΑ,

539 756 797 826 CllPlTULUM
822 757 930 823 XVll.

235 983 273 1033 De
283 978 400 1033 adventu
412 977 501 1031 nuntii
512 977 582 1050 regis
594 973 629 1029 td
643 994 695 1028 not
704 974 850 1033 Gebennis.
863 992 926 1027 mn
937 973 1058 1046 epistolis
1067 988 1095 1028 et
1105 973 1250 1030 mandatis.

254 1180 323 1251 Sed
341 1204 423 1251 ecce
438 1204 522 1251 cum
535 1178 719 1251 Gebeuuis
730 1203 900 1269 esserum,
917 1194 953 1252 et
970 1180 1043 1253 illic
1048 1181 1125 1277 jam
1145 1204 1276 1277 magna

207 1298 271 1369 Dei
297 1297 516 1394 benignitate
537 1310 570 1366 et
589 1296 779 1368 clementia
814 1312 992 1369 extractos
1019 1297 1068 1369 de
1100 1297 1277 1392 lugduno

202 1414 334 1499 libros,
355 1428 468 1485 vestes
482 1428 518 1483 et
535 1413 711 1507 reliquam
727 1412 1009 1510 suppellectilem
1032 1412 1273 1501 haberemus,

204 1530 305 1603 adest
323 1544 358 1601 et
377 1529 424 1603 ad
441 1554 508 1601 nos
523 1527 668 1601 advolat
685 1528 745 1601 ille
760 1530 877 1625 regius
895 1530 1065 1619 numius,
1083 1530 1190 1625 cujus
1203 1546 1277 1603 tau

205 1663 304 1737 tum,
334 1645 645 1743 queamdmodum
676 1646 930 1743 praemisimus,
954 1645 1277 1718 formidaremus

205 1789 409 1851 occursum,
435 1788 481 1834 ue
507 1788 574 1833 nos
600 1764 638 1832 in
663 1762 766 1833 terris
789 1761 1077 1860 apprehenderet
1103 1764 1209 1858 regia
1223 1764 1275 1835 di·

205 1878 323 1948 tionis.
350 1875 473 1964 Adest,
500 1876 670 1971 iuquam,
690 1875 814 1972 paucis
836 1897 945 1968 quam
967 1875 1031 1946 illo
1052 1876 1275 1974 applicuera-

205 2018 286 2064 uius
312 1991 440 2064 diebus
471 1989 655 2073 decursis,
686 2006 723 2062 et
753 1989 858 2062 nobis
888 1992 1058 2089 epistolas
1086 1993 1200 2088 regis,
1231 1992 1275 2065 de

204 2109 336 2206 ‹prilius
364 2134 456 2206 stipe
484 2108 560 2204 jam
586 2109 835 2193 meminimus,
858 2106 988 2179 reddit.
1009 2110 1177 2194 Quarum
1206 2110 1277 2181 lut

204 2226 361 2311 breviter
376 2227 551 2299 sententia
565 2240 640 2297 erat
660 2254 669 2295 :
690 2240 746 2309 ut,
761 2227 861 2297 omui
876 2226 1006 2321 rejecta
1020 2240 1056 2297 et
1072 2225 1274 2324 perhabita

203 2343 451 2429 excusatione,
493 2357 631 2413 mature
669 2343 924 2441 Perpiuianum
956 2340 1176 2429 rediremus,
1211 2368 1274 2415 nee

203 2459 280 2529 ullo
298 2474 405 2556 paeto
431 2458 516 2529 iude
548 2459 714 2531 recedere
740 2460 797 2531 tel
820 2460 970 2558 propius
992 2484 1080 2533 eum
1105 2461 1274 2533 amedere

203 2598 510 2674 praesumeremus.
531 2576 597 2645 llic
614 2589 688 2646 erat
702 2575 864 2663 lieentia,
880 2575 1000 2661 nobis,
1019 2590 1059 2647 ut
1077 2602 1174 2675 sepe
1188 2592 1274 2648 retu·

204 2692 331 2771 limus,
350 2691 397 2763 de
414 2690 600 2763 redeundo
624 2694 661 2762 iu
687 2695 872 2765 franciam
887 2717 1087 2779 ouum,
1108 2695 1271 2769 effectis:

204 2807 614 2903 haereg'uclemeutia,
636 2806 952 2899 lmccoustautia,
969 2808 1103 2883 mein
1121 2810 1272 2883 dict‘uet

207 2924 390 3023 promissis
407 2922 508 2995 sides.

255 3044 347 3113 Cum
363 3063 450 3111 reto
470 3064 551 3112 eam
570 3040 787 3134 legissemus,
811 3042 988 3140 supplicas
1006 3043 1053 3115 ad
1070 3048 1206 3119 uelum
1229 3062 1274 3120 at·

207 3156 373 3229 tollentes
400 3156 546 3245 oculos,
570 3158 701 3229 iterum
720 3174 828 3254 atque
850 3160 978 3231 iterum
1003 3160 1202 3235 immensas
1226 3162 1274 3233 di·

207 3274 298 3344 riua*
321 3273 494 3367 majestati
524 3299 627 3371 pene
650 3274 782 3370 jugiter
811 3275 1051 3349 suudebamm
1083 3282 1273 3374 gratiarum

207 3390 389 3477 artiores,
407 3414 475 3488 pro
493 3388 600 3461 nobis
621 3406 723 3463 tauto
738 3391 869 3463 coltuo
893 3391 1096 3481 beneficio,
1113 3397 1215 3492 quod
1231 3398 1274 3469 ita

209 3504 395 3577 metemus
405 3528 534 3577 manus
548 3521 583 3576 et
594 3508 724 3604 impias
731 3510 1079 3605 penersissimomm
1087 3511 1274 3587 homiuum

209 3618 356 3693 insidias
386 3618 675 3705 declinassemus,
711 3624 896 3720 irritaque
921 3649 1051 3697 eorum
1076 3628 1275 3703 lmus

211 3734 433 3823 molitiones,
451 3752 486 3808 et
507 3738 609 3834 quod
634 3740 782 3811 nuntius
799 3742 859 3813 ille
874 3740 982 3813 uobis
1002 3743 1042 3815 in
1059 3745 1191 3817 itinera
1204 3772 1274 3818 noa

209 3856 433 3927 «murrum.
444 3856 530 3943 Qui.
541 3880 625 3926 etim
636 3882 703 3954 per
718 3856 934 3929 Delfinatum
948 3884 1063 3959 prope
1078 3865 1175 3960 ripas
1186 3864 1275 3935 Rho·

208 3968 296 4043 «latii
321 3996 387 4071 per
401 3972 522 4071 plures
545 3973 803 4071 equitassemus
825 3975 953 4047 dietas.
979 3981 1059 4049 Deo
1079 3981 1226 4052 volente
1242 3996 1273 4053 et

210 4092 401 4163 miseraute
427 4091 559 4177 posui,
585 4114 652 4188 per
667 4092 816 4163 alteram
842 4094 956 4189 ripam
981 4093 1152 4167 Rhodani
1178 4098 1273 4195 equi·

208 4206 1139 4306 ttrts,etmbisinilltviaspersmoocurrere,
1167 4236 1274 4310 usque
