<?xml version="1.0" encoding="UTF-8"?>
<!DOCTYPE html PUBLIC "-//W3C//DTD XHTML 1.0 Transitional//EN"
    "http://www.w3.org/TR/xhtml1/DTD/xhtml1-transitional.dtd">
<html xmlns="http://www.w3.org/1999/xhtml" xml:lang="en" lang="en">
 <head>
  <title>
</title>
<meta http-equiv="Content-Type" content="text/html;charset=utf-8" />
  <meta name='ocr-system' content='tesseract 3.04.00' />
  <meta name='ocr-capabilities' content='ocr_page ocr_carea ocr_par ocr_line ocrx_word'/>
</head>
<body>
  <div class='ocr_page' id='page_1' title='image "./histoiredesrgne00amelgoog_0325.png"; bbox 0 0 2946 5070; ppageno 0'>
   <div class='ocr_carea' id='block_1_1' title="bbox 217 462 849 531">
    <p class='ocr_par' dir='ltr' id='par_1_1' title="bbox 217 462 849 531">
     <span class='ocr_line' id='line_1_1' title="bbox 217 462 849 531; baseline -0.017 0"><span class='ocrx_word' id='word_1_1' title='bbox 217 474 277 531; x_wconf 69' lang='lat' dir='ltr'>sto</span> <span class='ocrx_word' id='word_1_2' title='bbox 641 462 849 531; x_wconf 66' lang='grc' dir='ltr'><strong>ΔΡΟΒΟὓῙΔ,</strong></span> 
     </span>
    </p>
   </div>
   <div class='ocr_carea' id='block_1_2' title="bbox 184 593 1382 1742">
    <p class='ocr_par' dir='ltr' id='par_1_2' title="bbox 184 593 1382 1742">
     <span class='ocr_line' id='line_1_2' title="bbox 218 593 1286 696; baseline -0.011 -20"><span class='ocrx_word' id='word_1_3' title='bbox 218 603 301 677; x_wconf 85' lang='lat' dir='ltr'>dem</span> <span class='ocrx_word' id='word_1_4' title='bbox 317 622 527 696; x_wconf 83' lang='lat' dir='ltr'>germanum</span> <span class='ocrx_word' id='word_1_5' title='bbox 543 596 716 668; x_wconf 82' lang='lat' dir='ltr'>violenter</span> <span class='ocrx_word' id='word_1_6' title='bbox 730 593 933 694; x_wconf 88' lang='lat' dir='ltr'>spoliando.</span> <span class='ocrx_word' id='word_1_7' title='bbox 953 598 994 667; x_wconf 93' lang='lat' dir='ltr'>ln</span> <span class='ocrx_word' id='word_1_8' title='bbox 1010 615 1086 690; x_wconf 91' lang='lat' dir='ltr'>quo</span> <span class='ocrx_word' id='word_1_9' title='bbox 1106 615 1195 666; x_wconf 86' lang='lat' dir='ltr'>sane</span> <span class='ocrx_word' id='word_1_10' title='bbox 1209 617 1286 692; x_wconf 87' lang='lat' dir='ltr'>per·</span> 
     </span>
     <span class='ocr_line' id='line_1_3' title="bbox 196 711 1284 811; baseline -0.009 -20"><span class='ocrx_word' id='word_1_11' title='bbox 196 742 202 767; x_wconf 58' lang='lat' dir='ltr'>r</span> <span class='ocrx_word' id='word_1_12' title='bbox 218 717 373 791; x_wconf 82' lang='lat' dir='ltr'>finiendo</span> <span class='ocrx_word' id='word_1_13' title='bbox 385 715 522 811; x_wconf 85' lang='lat' dir='ltr'>magnis</span> <span class='ocrx_word' id='word_1_14' title='bbox 531 711 667 787; x_wconf 82' lang='lat' dir='ltr'>viribus</span> <span class='ocrx_word' id='word_1_15' title='bbox 675 723 737 784; x_wconf 87' lang='lat' dir='ltr'>aut</span> <span class='ocrx_word' id='word_1_16' title='bbox 746 712 924 785; x_wconf 90' lang='lat' dir='ltr'>violentiis</span> <span class='ocrx_word' id='word_1_17' title='bbox 932 711 1081 784; x_wconf 90' lang='lat' dir='ltr'>minime</span> <span class='ocrx_word' id='word_1_18' title='bbox 1091 735 1187 809; x_wconf 85' lang='lat' dir='ltr'>opus</span> <span class='ocrx_word' id='word_1_19' title='bbox 1195 724 1284 782; x_wconf 88' lang='lat' dir='ltr'>erat.</span> 
     </span>
     <span class='ocr_line' id='line_1_4' title="bbox 218 826 1287 928; baseline -0.006 -22"><span class='ocrx_word' id='word_1_20' title='bbox 218 837 308 909; x_wconf 69' lang='lat' dir='ltr'>Nam</span> <span class='ocrx_word' id='word_1_21' title='bbox 323 834 417 905; x_wconf 88' lang='lat' dir='ltr'>cives</span> <span class='ocrx_word' id='word_1_22' title='bbox 433 833 597 906; x_wconf 84' lang='lat' dir='ltr'>locorum</span> <span class='ocrx_word' id='word_1_23' title='bbox 620 844 656 901; x_wconf 88' lang='lat' dir='ltr'>ct</span> <span class='ocrx_word' id='word_1_24' title='bbox 671 829 907 928; x_wconf 71' lang='lat' dir='ltr'><strong>provinciales</strong></span> <span class='ocrx_word' id='word_1_25' title='bbox 921 880 931 921; x_wconf 89' lang='lat'>‚</span> <span class='ocrx_word' id='word_1_26' title='bbox 945 827 992 901; x_wconf 86' lang='lat' dir='ltr'>de</span> <span class='ocrx_word' id='word_1_27' title='bbox 1008 826 1078 901; x_wconf 83' lang='lat' dir='ltr'>bac</span> <span class='ocrx_word' id='word_1_28' title='bbox 1097 827 1287 925; x_wconf 74' lang='lat' dir='ltr'>inopinata</span> 
     </span>
     <span class='ocr_line' id='line_1_5' title="bbox 218 944 1289 1043; baseline -0.005 -23"><span class='ocrx_word' id='word_1_29' title='bbox 218 964 254 1021; x_wconf 89' lang='lat' dir='ltr'>et</span> <span class='ocrx_word' id='word_1_30' title='bbox 269 949 322 1020; x_wconf 88' lang='lat' dir='ltr'>vel</span> <span class='ocrx_word' id='word_1_31' title='bbox 328 963 365 1020; x_wconf 90' lang='lat' dir='ltr'>ut</span> <span class='ocrx_word' id='word_1_32' title='bbox 380 945 566 1021; x_wconf 84' lang='lat' dir='ltr'>subitanea</span> <span class='ocrx_word' id='word_1_33' title='bbox 589 944 730 1018; x_wconf 81' lang='lat' dir='ltr'>ioederis</span> <span class='ocrx_word' id='word_1_34' title='bbox 750 958 900 1043; x_wconf 82' lang='lat' dir='ltr'>ruptura</span> <span class='ocrx_word' id='word_1_35' title='bbox 910 967 1108 1040; x_wconf 74' lang='lat' dir='ltr'>renumque</span> <span class='ocrx_word' id='word_1_36' title='bbox 1125 966 1289 1015; x_wconf 90' lang='lat' dir='ltr'>commu·</span> 
     </span>
     <span class='ocr_line' id='line_1_6' title="bbox 219 1055 1288 1156; baseline -0.005 -24"><span class='ocrx_word' id='word_1_37' title='bbox 219 1061 352 1132; x_wconf 86' lang='lat' dir='ltr'>tatione</span> <span class='ocrx_word' id='word_1_38' title='bbox 368 1058 523 1152; x_wconf 77' lang='lat' dir='ltr'>attoniti,</span> <span class='ocrx_word' id='word_1_39' title='bbox 538 1056 670 1156; x_wconf 88' lang='lat' dir='ltr'>quibus</span> <span class='ocrx_word' id='word_1_40' title='bbox 685 1081 747 1134; x_wconf 75' lang='lat' dir='ltr'>rei</span> <span class='ocrx_word' id='word_1_41' title='bbox 759 1056 927 1131; x_wconf 87' lang='lat' dir='ltr'>terribilis</span> <span class='ocrx_word' id='word_1_42' title='bbox 935 1071 973 1130; x_wconf 90' lang='lat' dir='ltr'>et</span> <span class='ocrx_word' id='word_1_43' title='bbox 979 1078 1111 1152; x_wconf 86' lang='lat' dir='ltr'>magna</span> <span class='ocrx_word' id='word_1_44' title='bbox 1125 1055 1288 1127; x_wconf 84' lang='lat' dir='ltr'>invectus</span> 
     </span>
     <span class='ocr_line' id='line_1_7' title="bbox 219 1172 1288 1272; baseline -0.004 -24"><span class='ocrx_word' id='word_1_45' title='bbox 219 1178 310 1249; x_wconf 86' lang='lat' dir='ltr'>suria</span> <span class='ocrx_word' id='word_1_46' title='bbox 326 1177 477 1272; x_wconf 81' lang='lat' dir='ltr'>graviter</span> <span class='ocrx_word' id='word_1_47' title='bbox 492 1174 713 1265; x_wconf 86' lang='lat' dir='ltr'>imminebat,</span> <span class='ocrx_word' id='word_1_48' title='bbox 735 1173 871 1248; x_wconf 80' lang='lat' dir='ltr'>nullam</span> <span class='ocrx_word' id='word_1_49' title='bbox 883 1173 1083 1247; x_wconf 83' lang='lat' dir='ltr'>reluctandi</span> <span class='ocrx_word' id='word_1_50' title='bbox 1097 1172 1288 1246; x_wconf 84' lang='lat' dir='ltr'>audaciam</span> 
     </span>
     <span class='ocr_line' id='line_1_8' title="bbox 219 1283 1382 1387; baseline -0.004 -29"><span class='ocrx_word' id='word_1_51' title='bbox 219 1286 473 1387; x_wconf 83' lang='lat' dir='ltr'>opponebant,</span> <span class='ocrx_word' id='word_1_52' title='bbox 493 1286 578 1378; x_wconf 86' lang='lat' dir='ltr'>sed,</span> <span class='ocrx_word' id='word_1_53' title='bbox 595 1285 772 1385; x_wconf 86' lang='lat' dir='ltr'>supplices</span> <span class='ocrx_word' id='word_1_54' title='bbox 790 1300 826 1359; x_wconf 91' lang='lat' dir='ltr'>et</span> <span class='ocrx_word' id='word_1_55' title='bbox 842 1310 976 1384; x_wconf 77' lang='lat' dir='ltr'>pavore</span> <span class='ocrx_word' id='word_1_56' title='bbox 1000 1285 1115 1357; x_wconf 84' lang='lat' dir='ltr'>nimio</span> <span class='ocrx_word' id='word_1_57' title='bbox 1136 1283 1284 1380; x_wconf 87' lang='lat' dir='ltr'>dejecti,</span> <span class='ocrx_word' id='word_1_58' title='bbox 1377 1307 1382 1325; x_wconf 74' lang='lat'>¹</span> 
     </span>
     <span class='ocr_line' id='line_1_9' title="bbox 184 1404 1287 1506; baseline -0.005 -27"><span class='ocrx_word' id='word_1_59' title='bbox 184 1460 189 1469; x_wconf 83' lang='lat'><em>-</em></span> <span class='ocrx_word' id='word_1_60' title='bbox 218 1408 372 1480; x_wconf 85' lang='lat' dir='ltr'>cervices</span> <span class='ocrx_word' id='word_1_61' title='bbox 403 1404 673 1480; x_wconf 81' lang='lat' dir='ltr'>submittebant.</span> <span class='ocrx_word' id='word_1_62' title='bbox 714 1405 818 1478; x_wconf 83' lang='lat' dir='ltr'>Unde</span> <span class='ocrx_word' id='word_1_63' title='bbox 854 1430 967 1506; x_wconf 85' lang='lat' dir='ltr'>parvo</span> <span class='ocrx_word' id='word_1_64' title='bbox 1001 1405 1166 1501; x_wconf 78' lang='lat' dir='ltr'>negotio,</span> <span class='ocrx_word' id='word_1_65' title='bbox 1201 1427 1287 1475; x_wconf 90' lang='lat' dir='ltr'>cum</span> 
     </span>
     <span class='ocr_line' id='line_1_10' title="bbox 219 1522 1287 1622; baseline -0.004 -26"><span class='ocrx_word' id='word_1_66' title='bbox 219 1523 317 1597; x_wconf 90' lang='lat' dir='ltr'>nulla</span> <span class='ocrx_word' id='word_1_67' title='bbox 330 1523 524 1596; x_wconf 84' lang='lat' dir='ltr'>resistentia</span> <span class='ocrx_word' id='word_1_68' title='bbox 536 1537 734 1622; x_wconf 86' lang='lat' dir='ltr'>pararetur,</span> <span class='ocrx_word' id='word_1_69' title='bbox 748 1523 922 1621; x_wconf 84' lang='lat' dir='ltr'>majorem</span> <span class='ocrx_word' id='word_1_70' title='bbox 934 1523 1044 1595; x_wconf 85' lang='lat' dir='ltr'>totius</span> <span class='ocrx_word' id='word_1_71' title='bbox 1057 1522 1287 1595; x_wconf 84' lang='lat' dir='ltr'>Normannite</span> 
     </span>
     <span class='ocr_line' id='line_1_11' title="bbox 218 1639 1285 1742; baseline -0.002 -28"><span class='ocrx_word' id='word_1_72' title='bbox 218 1643 421 1740; x_wconf 85' lang='lat' dir='ltr'>portionem</span> <span class='ocrx_word' id='word_1_73' title='bbox 449 1666 493 1716; x_wconf 89' lang='lat' dir='ltr'>eo</span> <span class='ocrx_word' id='word_1_74' title='bbox 516 1640 626 1715; x_wconf 92' lang='lat' dir='ltr'>modo</span> <span class='ocrx_word' id='word_1_75' title='bbox 645 1640 714 1714; x_wconf 87' lang='lat' dir='ltr'>sub</span> <span class='ocrx_word' id='word_1_76' title='bbox 737 1666 839 1715; x_wconf 77' lang='lat' dir='ltr'>suurn</span> <span class='ocrx_word' id='word_1_77' title='bbox 868 1667 931 1715; x_wconf 86' lang='lat' dir='ltr'>rex</span> <span class='ocrx_word' id='word_1_78' title='bbox 951 1641 1176 1742; x_wconf 80' lang='lat' dir='ltr'>paucissimis</span> <span class='ocrx_word' id='word_1_79' title='bbox 1208 1639 1285 1712; x_wconf 90' lang='lat' dir='ltr'>die·</span> 
     </span>
    </p>
   </div>
   <div class='ocr_carea' id='block_1_3' title="bbox 219 1757 1287 1969">
    <p class='ocr_par' dir='ltr' id='par_1_3' title="bbox 219 1757 1287 1969">
     <span class='ocr_line' id='line_1_12' title="bbox 219 1757 1287 1859; baseline -0.002 -26"><span class='ocrx_word' id='word_1_80' title='bbox 219 1758 288 1833; x_wconf 87' lang='lat' dir='ltr'>bus</span> <span class='ocrx_word' id='word_1_81' title='bbox 318 1760 453 1856; x_wconf 84' lang='lat' dir='ltr'>redegit</span> <span class='ocrx_word' id='word_1_82' title='bbox 483 1774 708 1859; x_wconf 88' lang='lat' dir='ltr'>potestatem.</span> <span class='ocrx_word' id='word_1_83' title='bbox 742 1763 826 1831; x_wconf 85' lang='lat' dir='ltr'>Erat</span> <span class='ocrx_word' id='word_1_84' title='bbox 856 1760 955 1833; x_wconf 88' lang='lat' dir='ltr'>enim</span> <span class='ocrx_word' id='word_1_85' title='bbox 983 1760 1059 1858; x_wconf 86' lang='lat' dir='ltr'>ipse</span> <span class='ocrx_word' id='word_1_86' title='bbox 1091 1757 1168 1829; x_wconf 86' lang='lat' dir='ltr'>dux</span> <span class='ocrx_word' id='word_1_87' title='bbox 1200 1761 1287 1831; x_wconf 85' lang='lat' dir='ltr'>Nor·</span> 
     </span>
     <span class='ocr_line' id='line_1_13' title="bbox 219 1869 1286 1969; baseline -0.005 -24"><span class='ocrx_word' id='word_1_88' title='bbox 219 1873 371 1945; x_wconf 70' lang='lat' dir='ltr'>manniae</span> <span class='ocrx_word' id='word_1_89' title='bbox 389 1871 485 1947; x_wconf 87' lang='lat' dir='ltr'>velut</span> <span class='ocrx_word' id='word_1_90' title='bbox 503 1869 613 1945; x_wconf 90' lang='lat' dir='ltr'>arbor</span> <span class='ocrx_word' id='word_1_91' title='bbox 628 1895 752 1944; x_wconf 87' lang='lat' dir='ltr'>recens</span> <span class='ocrx_word' id='word_1_92' title='bbox 766 1871 926 1969; x_wconf 84' lang='lat' dir='ltr'>plantata</span> <span class='ocrx_word' id='word_1_93' title='bbox 944 1871 1090 1943; x_wconf 87' lang='lat' dir='ltr'>interra</span> <span class='ocrx_word' id='word_1_94' title='bbox 1105 1895 1191 1961; x_wconf 85' lang='lat' dir='ltr'>sua,</span> <span class='ocrx_word' id='word_1_95' title='bbox 1207 1894 1286 1968; x_wconf 75' lang='lat' dir='ltr'>qun</span> 
     </span>
    </p>
   </div>
   <div class='ocr_carea' id='block_1_4' title="bbox 219 1984 1287 4062">
    <p class='ocr_par' dir='ltr' id='par_1_4' title="bbox 219 1984 1287 2435">
     <span class='ocr_line' id='line_1_14' title="bbox 219 1984 1286 2064; baseline -0.002 -5"><span class='ocrx_word' id='word_1_96' title='bbox 219 1987 384 2061; x_wconf 90' lang='lat' dir='ltr'>nondum</span> <span class='ocrx_word' id='word_1_97' title='bbox 399 1988 515 2064; x_wconf 87' lang='lat' dir='ltr'>missis</span> <span class='ocrx_word' id='word_1_98' title='bbox 529 1988 566 2060; x_wconf 92' lang='lat' dir='ltr'>in</span> <span class='ocrx_word' id='word_1_99' title='bbox 583 1988 696 2060; x_wconf 84' lang='lat' dir='ltr'>altum</span> <span class='ocrx_word' id='word_1_100' title='bbox 709 1985 890 2060; x_wconf 79' lang='lat' dir='ltr'>radicibus</span> <span class='ocrx_word' id='word_1_101' title='bbox 902 1986 981 2059; x_wconf 90' lang='lat' dir='ltr'>solo</span> <span class='ocrx_word' id='word_1_102' title='bbox 999 1986 1155 2059; x_wconf 86' lang='lat' dir='ltr'>tenuiter</span> <span class='ocrx_word' id='word_1_103' title='bbox 1167 1984 1286 2060; x_wconf 81' lang='lat' dir='ltr'>adbuc</span> 
     </span>
     <span class='ocr_line' id='line_1_15' title="bbox 219 2102 1287 2204; baseline 0.001 -30"><span class='ocrx_word' id='word_1_104' title='bbox 219 2103 454 2195; x_wconf 66' lang='lat' dir='ltr'>cohaeoebav,</span> <span class='ocrx_word' id='word_1_105' title='bbox 484 2104 618 2203; x_wconf 88' lang='lat' dir='ltr'>quippe</span> <span class='ocrx_word' id='word_1_106' title='bbox 637 2105 696 2177; x_wconf 90' lang='lat' dir='ltr'>cui</span> <span class='ocrx_word' id='word_1_107' title='bbox 722 2128 788 2176; x_wconf 90' lang='lat' dir='ltr'>nec</span> <span class='ocrx_word' id='word_1_108' title='bbox 805 2105 964 2204; x_wconf 85' lang='lat' dir='ltr'>spatium</span> <span class='ocrx_word' id='word_1_109' title='bbox 981 2127 1048 2177; x_wconf 89' lang='lat' dir='ltr'>nec</span> <span class='ocrx_word' id='word_1_110' title='bbox 1066 2102 1193 2176; x_wconf 88' lang='lat' dir='ltr'>dilatio</span> <span class='ocrx_word' id='word_1_111' title='bbox 1209 2125 1287 2201; x_wconf 86' lang='lat' dir='ltr'>per·</span> 
     </span>
     <span class='ocr_line' id='line_1_16' title="bbox 219 2203 1286 2319; baseline 0 -30"><span class='ocrx_word' id='word_1_112' title='bbox 219 2203 326 2290; x_wconf 84' lang='lat' dir='ltr'>missa</span> <span class='ocrx_word' id='word_1_113' title='bbox 346 2219 460 2291; x_wconf 83' lang='lat' dir='ltr'>suerat</span> <span class='ocrx_word' id='word_1_114' title='bbox 474 2219 511 2291; x_wconf 93' lang='lat' dir='ltr'>in</span> <span class='ocrx_word' id='word_1_115' title='bbox 531 2242 622 2317; x_wconf 90' lang='lat' dir='ltr'>qua,</span> <span class='ocrx_word' id='word_1_116' title='bbox 646 2217 754 2291; x_wconf 90' lang='lat' dir='ltr'>rebus</span> <span class='ocrx_word' id='word_1_117' title='bbox 773 2219 966 2319; x_wconf 74' lang='lat' dir='ltr'>provinciae</span> <span class='ocrx_word' id='word_1_118' title='bbox 985 2217 1177 2306; x_wconf 82' lang='lat' dir='ltr'>ordinatis,</span> <span class='ocrx_word' id='word_1_119' title='bbox 1194 2219 1286 2291; x_wconf 84' lang='lat' dir='ltr'>vires</span> 
     </span>
     <span class='ocr_line' id='line_1_17' title="bbox 220 2332 904 2435; baseline -0.001 -29"><span class='ocrx_word' id='word_1_120' title='bbox 220 2332 266 2406; x_wconf 87' lang='lat' dir='ltr'>ad</span> <span class='ocrx_word' id='word_1_121' title='bbox 284 2332 519 2405; x_wconf 89' lang='lat' dir='ltr'>resistendum</span> <span class='ocrx_word' id='word_1_122' title='bbox 532 2335 700 2431; x_wconf 85' lang='lat' dir='ltr'>colligere</span> <span class='ocrx_word' id='word_1_123' title='bbox 720 2337 904 2435; x_wconf 86' lang='lat' dir='ltr'>potuisset.</span> 
     </span>
    </p>

    <p class='ocr_par' dir='ltr' id='par_1_5' title="bbox 220 2448 1286 4062">
     <span class='ocr_line' id='line_1_18' title="bbox 269 2448 1283 2550; baseline 0.006 -34"><span class='ocrx_word' id='word_1_124' title='bbox 269 2449 313 2517; x_wconf 91' lang='lat' dir='ltr'>Se</span> <span class='ocrx_word' id='word_1_125' title='bbox 331 2448 436 2542; x_wconf 90' lang='lat' dir='ltr'>igitur</span> <span class='ocrx_word' id='word_1_126' title='bbox 454 2448 581 2521; x_wconf 84' lang='lat' dir='ltr'>videns</span> <span class='ocrx_word' id='word_1_127' title='bbox 599 2452 648 2529; x_wconf 89' lang='lat' dir='ltr'>ita</span> <span class='ocrx_word' id='word_1_128' title='bbox 674 2451 788 2545; x_wconf 87' lang='lat' dir='ltr'>dolis,</span> <span class='ocrx_word' id='word_1_129' title='bbox 820 2449 957 2527; x_wconf 84' lang='lat' dir='ltr'>insidiis</span> <span class='ocrx_word' id='word_1_130' title='bbox 981 2465 1018 2522; x_wconf 92' lang='lat' dir='ltr'>et</span> <span class='ocrx_word' id='word_1_131' title='bbox 1032 2451 1143 2523; x_wconf 88' lang='lat' dir='ltr'>armis</span> <span class='ocrx_word' id='word_1_132' title='bbox 1162 2452 1283 2550; x_wconf 90' lang='lat' dir='ltr'>inique</span> 
     </span>
     <span class='ocr_line' id='line_1_19' title="bbox 220 2566 1283 2663; baseline 0.004 -28"><span class='ocrx_word' id='word_1_133' title='bbox 220 2589 452 2663; x_wconf 88' lang='lat' dir='ltr'>oppressum,</span> <span class='ocrx_word' id='word_1_134' title='bbox 475 2568 684 2662; x_wconf 87' lang='lat' dir='ltr'>auxiliisque</span> <span class='ocrx_word' id='word_1_135' title='bbox 702 2566 837 2641; x_wconf 92' lang='lat' dir='ltr'>ducum</span> <span class='ocrx_word' id='word_1_136' title='bbox 858 2567 1046 2639; x_wconf 75' lang='lat' dir='ltr'>britanniae</span> <span class='ocrx_word' id='word_1_137' title='bbox 1061 2580 1099 2639; x_wconf 89' lang='lat' dir='ltr'>et</span> <span class='ocrx_word' id='word_1_138' title='bbox 1115 2567 1283 2640; x_wconf 88' lang='lat' dir='ltr'>Borbonii</span> 
     </span>
     <span class='ocr_line' id='line_1_20' title="bbox 220 2680 1284 2780; baseline 0.001 -26"><span class='ocrx_word' id='word_1_139' title='bbox 220 2680 443 2776; x_wconf 88' lang='lat' dir='ltr'>destitutum,</span> <span class='ocrx_word' id='word_1_140' title='bbox 459 2707 551 2780; x_wconf 84' lang='lat' dir='ltr'>quos</span> <span class='ocrx_word' id='word_1_141' title='bbox 562 2681 630 2756; x_wconf 87' lang='lat' dir='ltr'>sibi</span> <span class='ocrx_word' id='word_1_142' title='bbox 647 2683 799 2757; x_wconf 88' lang='lat' dir='ltr'>lideliter</span> <span class='ocrx_word' id='word_1_143' title='bbox 812 2699 921 2780; x_wconf 85' lang='lat' dir='ltr'>atque</span> <span class='ocrx_word' id='word_1_144' title='bbox 938 2682 1087 2756; x_wconf 86' lang='lat' dir='ltr'>firmiter</span> <span class='ocrx_word' id='word_1_145' title='bbox 1100 2683 1284 2756; x_wconf 83' lang='lat' dir='ltr'>devinctos</span> 
     </span>
     <span class='ocr_line' id='line_1_21' title="bbox 220 2796 1284 2897; baseline 0 -28"><span class='ocrx_word' id='word_1_146' title='bbox 220 2821 263 2869; x_wconf 87' lang='lat' dir='ltr'>ac</span> <span class='ocrx_word' id='word_1_147' title='bbox 280 2796 517 2893; x_wconf 85' lang='lat' dir='ltr'>adglutinatos</span> <span class='ocrx_word' id='word_1_148' title='bbox 535 2798 611 2871; x_wconf 83' lang='lat' dir='ltr'>fore</span> <span class='ocrx_word' id='word_1_149' title='bbox 629 2799 890 2872; x_wconf 78' lang='lat' dir='ltr'>existimaverat</span> <span class='ocrx_word' id='word_1_150' title='bbox 908 2797 985 2895; x_wconf 88' lang='lat' dir='ltr'>(sed</span> <span class='ocrx_word' id='word_1_151' title='bbox 1008 2798 1129 2870; x_wconf 89' lang='lat' dir='ltr'>nescio</span> <span class='ocrx_word' id='word_1_152' title='bbox 1154 2796 1284 2897; x_wconf 86' lang='lat' dir='ltr'>quihus</span> 
     </span>
     <span class='ocr_line' id='line_1_22' title="bbox 220 2912 1283 3017; baseline 0.001 -31"><span class='ocrx_word' id='word_1_153' title='bbox 220 2913 369 2988; x_wconf 85' lang='lat' dir='ltr'>exilibus</span> <span class='ocrx_word' id='word_1_154' title='bbox 398 2928 434 2986; x_wconf 90' lang='lat' dir='ltr'>et</span> <span class='ocrx_word' id='word_1_155' title='bbox 458 2915 607 2988; x_wconf 89' lang='lat' dir='ltr'>minime</span> <span class='ocrx_word' id='word_1_156' title='bbox 630 2914 791 3016; x_wconf 82' lang='lat' dir='ltr'>profecto</span> <span class='ocrx_word' id='word_1_157' title='bbox 819 2912 1068 3017; x_wconf 82' lang='lat' dir='ltr'>probabilibus</span> <span class='ocrx_word' id='word_1_158' title='bbox 1086 2913 1283 2995; x_wconf 78' lang='lat' dir='ltr'>offensiun-</span> 
     </span>
     <span class='ocr_line' id='line_1_23' title="bbox 220 3027 1283 3129; baseline 0.002 -28"><span class='ocrx_word' id='word_1_159' title='bbox 220 3028 308 3101; x_wconf 89' lang='lat' dir='ltr'>cnlis</span> <span class='ocrx_word' id='word_1_160' title='bbox 329 3030 454 3104; x_wconf 84' lang='lat' dir='ltr'>affictis</span> <span class='ocrx_word' id='word_1_161' title='bbox 476 3055 551 3106; x_wconf 89' lang='lat' dir='ltr'>ase</span> <span class='ocrx_word' id='word_1_162' title='bbox 572 3031 795 3103; x_wconf 82' lang='lat' dir='ltr'>desciverant</span> <span class='ocrx_word' id='word_1_163' title='bbox 819 3045 854 3103; x_wconf 91' lang='lat' dir='ltr'>et</span> <span class='ocrx_word' id='word_1_164' title='bbox 876 3030 924 3104; x_wconf 89' lang='lat' dir='ltr'>ad</span> <span class='ocrx_word' id='word_1_165' title='bbox 941 3030 1032 3129; x_wconf 86' lang='lat' dir='ltr'>regis</span> <span class='ocrx_word' id='word_1_166' title='bbox 1058 3027 1283 3109; x_wconf 83' lang='lat' dir='ltr'>allectionem</span> 
     </span>
     <span class='ocr_line' id='line_1_24' title="bbox 220 3144 1284 3244; baseline 0.006 -29"><span class='ocrx_word' id='word_1_167' title='bbox 220 3144 481 3244; x_wconf 70' lang='lat' dir='ltr'>transiverant),</span> <span class='ocrx_word' id='word_1_168' title='bbox 500 3173 584 3219; x_wconf 90' lang='lat' dir='ltr'>eum</span> <span class='ocrx_word' id='word_1_169' title='bbox 602 3146 739 3221; x_wconf 79' lang='lat' dir='ltr'>videret</span> <span class='ocrx_word' id='word_1_170' title='bbox 755 3160 881 3220; x_wconf 89' lang='lat' dir='ltr'>contra</span> <span class='ocrx_word' id='word_1_171' title='bbox 895 3146 1103 3244; x_wconf 85' lang='lat' dir='ltr'>hujusmodi</span> <span class='ocrx_word' id='word_1_172' title='bbox 1121 3162 1196 3219; x_wconf 91' lang='lat' dir='ltr'>tam</span> <span class='ocrx_word' id='word_1_173' title='bbox 1211 3172 1284 3221; x_wconf 89' lang='lat' dir='ltr'>ma·</span> 
     </span>
     <span class='ocr_line' id='line_1_25' title="bbox 221 3260 1284 3336; baseline 0.005 -5"><span class='ocrx_word' id='word_1_174' title='bbox 221 3260 362 3333; x_wconf 84' lang='lat' dir='ltr'>nifestas</span> <span class='ocrx_word' id='word_1_175' title='bbox 375 3262 561 3335; x_wconf 78' lang='lat' dir='ltr'>violentias</span> <span class='ocrx_word' id='word_1_176' title='bbox 575 3278 611 3335; x_wconf 88' lang='lat' dir='ltr'>et</span> <span class='ocrx_word' id='word_1_177' title='bbox 628 3262 731 3335; x_wconf 92' lang='lat' dir='ltr'>dolos</span> <span class='ocrx_word' id='word_1_178' title='bbox 741 3262 940 3336; x_wconf 86' lang='lat' dir='ltr'>humanum</span> <span class='ocrx_word' id='word_1_179' title='bbox 952 3262 1020 3335; x_wconf 92' lang='lat' dir='ltr'>sihi</span> <span class='ocrx_word' id='word_1_180' title='bbox 1036 3264 1176 3335; x_wconf 89' lang='lat' dir='ltr'>nullum</span> <span class='ocrx_word' id='word_1_181' title='bbox 1188 3261 1284 3336; x_wconf 89' lang='lat' dir='ltr'>aliud</span> 
     </span>
     <span class='ocr_line' id='line_1_26' title="bbox 221 3380 1283 3486; baseline 0.006 -38"><span class='ocrx_word' id='word_1_182' title='bbox 221 3402 401 3476; x_wconf 81' lang='lat' dir='ltr'>superesse</span> <span class='ocrx_word' id='word_1_183' title='bbox 426 3380 648 3479; x_wconf 74' lang='lat' dir='ltr'>praesidium,</span> <span class='ocrx_word' id='word_1_184' title='bbox 678 3380 808 3456; x_wconf 79' lang='lat' dir='ltr'>auxilia</span> <span class='ocrx_word' id='word_1_185' title='bbox 817 3383 933 3486; x_wconf 24' lang='lat' dir='ltr'>‘atque</span> <span class='ocrx_word' id='word_1_186' title='bbox 955 3380 1204 3454; x_wconf 82' lang='lat' dir='ltr'>subventionis</span> <span class='ocrx_word' id='word_1_187' title='bbox 1226 3406 1283 3454; x_wconf 87' lang='lat' dir='ltr'>so·</span> 
     </span>
     <span class='ocr_line' id='line_1_27' title="bbox 220 3494 1284 3597; baseline 0.005 -32"><span class='ocrx_word' id='word_1_188' title='bbox 220 3494 304 3567; x_wconf 87' lang='lat' dir='ltr'>latia</span> <span class='ocrx_word' id='word_1_189' title='bbox 324 3494 371 3567; x_wconf 88' lang='lat' dir='ltr'>ab</span> <span class='ocrx_word' id='word_1_190' title='bbox 386 3495 627 3569; x_wconf 86' lang='lat' dir='ltr'>illustrissimis</span> <span class='ocrx_word' id='word_1_191' title='bbox 641 3497 874 3597; x_wconf 90' lang='lat' dir='ltr'>principibus,</span> <span class='ocrx_word' id='word_1_192' title='bbox 892 3498 1007 3594; x_wconf 87' lang='lat' dir='ltr'>dignae</span> <span class='ocrx_word' id='word_1_193' title='bbox 1027 3497 1284 3571; x_wconf 87' lang='lat' dir='ltr'>reeordationis</span> 
     </span>
     <span class='ocr_line' id='line_1_28' title="bbox 221 3613 1282 3713; baseline 0.004 -31"><span class='ocrx_word' id='word_1_194' title='bbox 221 3626 256 3682; x_wconf 90' lang='lat' dir='ltr'>et</span> <span class='ocrx_word' id='word_1_195' title='bbox 282 3613 461 3684; x_wconf 81' lang='lat' dir='ltr'>memoriae</span> <span class='ocrx_word' id='word_1_196' title='bbox 483 3613 668 3713; x_wconf 89' lang='lat' dir='ltr'>Philippo,</span> <span class='ocrx_word' id='word_1_197' title='bbox 696 3615 991 3712; x_wconf 83' lang='lat' dir='ltr'>Burgundionum</span> <span class='ocrx_word' id='word_1_198' title='bbox 1013 3614 1124 3708; x_wconf 84' lang='lat' dir='ltr'>duce,</span> <span class='ocrx_word' id='word_1_199' title='bbox 1148 3628 1185 3687; x_wconf 91' lang='lat' dir='ltr'>et</span> <span class='ocrx_word' id='word_1_200' title='bbox 1209 3615 1282 3711; x_wconf 88' lang='lat' dir='ltr'>ejus</span> 
     </span>
     <span class='ocr_line' id='line_1_29' title="bbox 222 3728 1286 3828; baseline 0.002 -28"><span class='ocrx_word' id='word_1_201' title='bbox 222 3728 404 3827; x_wconf 85' lang='lat' dir='ltr'>unigenito</span> <span class='ocrx_word' id='word_1_202' title='bbox 433 3732 579 3823; x_wconf 80' lang='lat' dir='ltr'>ttaroto,</span> <span class='ocrx_word' id='word_1_203' title='bbox 609 3744 694 3804; x_wconf 89' lang='lat' dir='ltr'>tunc</span> <span class='ocrx_word' id='word_1_204' title='bbox 718 3733 848 3807; x_wconf 88' lang='lat' dir='ltr'>comite</span> <span class='ocrx_word' id='word_1_205' title='bbox 872 3731 917 3804; x_wconf 89' lang='lat' dir='ltr'>de</span> <span class='ocrx_word' id='word_1_206' title='bbox 943 3731 1162 3828; x_wconf 76' lang='lat' dir='ltr'>Choroloys‚</span> <span class='ocrx_word' id='word_1_207' title='bbox 1188 3755 1286 3804; x_wconf 86' lang='lat' dir='ltr'>nunc</span> 
     </span>
     <span class='ocr_line' id='line_1_30' title="bbox 221 3837 1285 3946; baseline 0.006 -32"><span class='ocrx_word' id='word_1_208' title='bbox 221 3869 306 3918; x_wconf 81' lang='lat' dir='ltr'>vero</span> <span class='ocrx_word' id='word_1_209' title='bbox 335 3846 502 3945; x_wconf 89' lang='lat' dir='ltr'>genitoris</span> <span class='ocrx_word' id='word_1_210' title='bbox 528 3837 584 3917; x_wconf 81' lang='lat' dir='ltr'>sui</span> <span class='ocrx_word' id='word_1_211' title='bbox 610 3846 816 3944; x_wconf 87' lang='lat' dir='ltr'>dignissimo</span> <span class='ocrx_word' id='word_1_212' title='bbox 847 3846 987 3920; x_wconf 85' lang='lat' dir='ltr'>haerede</span> <span class='ocrx_word' id='word_1_213' title='bbox 1013 3864 1120 3946; x_wconf 88' lang='lat' dir='ltr'>atque</span> <span class='ocrx_word' id='word_1_214' title='bbox 1146 3872 1285 3921; x_wconf 82' lang='lat' dir='ltr'>suoces·</span> 
     </span>
     <span class='ocr_line' id='line_1_31' title="bbox 222 3950 1283 4062; baseline 0.005 -33"><span class='ocrx_word' id='word_1_215' title='bbox 222 3982 302 4031; x_wconf 90' lang='lat' dir='ltr'>sore</span> <span class='ocrx_word' id='word_1_216' title='bbox 321 3960 501 4058; x_wconf 86' lang='lat' dir='ltr'>ejusdem,</span> <span class='ocrx_word' id='word_1_217' title='bbox 526 3962 681 4059; x_wconf 88' lang='lat' dir='ltr'>petenda</span> <span class='ocrx_word' id='word_1_218' title='bbox 696 3978 731 4035; x_wconf 89' lang='lat' dir='ltr'>et</span> <span class='ocrx_word' id='word_1_219' title='bbox 743 3950 956 4062; x_wconf 83' lang='lat' dir='ltr'>postulanda</span> <span class='ocrx_word' id='word_1_220' title='bbox 979 3963 1146 4036; x_wconf 87' lang='lat' dir='ltr'>decrevit.</span> <span class='ocrx_word' id='word_1_221' title='bbox 1173 3962 1283 4060; x_wconf 88' lang='lat' dir='ltr'>Cujus</span> 
     </span>
    </p>
   </div>
   <div class='ocr_carea' id='block_1_5' title="bbox 222 4115 1282 4290">
    <p class='ocr_par' dir='ltr' id='par_1_6' title="bbox 222 4115 1282 4290">
     <span class='ocr_line' id='line_1_32' title="bbox 264 4115 1282 4198; baseline 0.005 -25"><span class='ocrx_word' id='word_1_222' title='bbox 264 4119 292 4173; x_wconf 92' lang='lat' dir='ltr'>l.</span> <span class='ocrx_word' id='word_1_223' title='bbox 315 4117 394 4175; x_wconf 78' lang='lat' dir='ltr'>Certe</span> <span class='ocrx_word' id='word_1_224' title='bbox 414 4116 506 4195; x_wconf 86' lang='lat' dir='ltr'>image</span> <span class='ocrx_word' id='word_1_225' title='bbox 520 4129 562 4174; x_wconf 88' lang='lat' dir='ltr'>est</span> <span class='ocrx_word' id='word_1_226' title='bbox 578 4115 642 4189; x_wconf 76' lang='lat' dir='ltr'>dtjt</span> <span class='ocrx_word' id='word_1_227' title='bbox 658 4116 729 4175; x_wconf 85' lang='lat' dir='ltr'>dans</span> <span class='ocrx_word' id='word_1_228' title='bbox 746 4117 891 4178; x_wconf 81' lang='lat' dir='ltr'>l&#39;ilistoire</span> <span class='ocrx_word' id='word_1_229' title='bbox 906 4118 946 4177; x_wconf 92' lang='lat' dir='ltr'>du</span> <span class='ocrx_word' id='word_1_230' title='bbox 960 4119 1053 4198; x_wconf 75' lang='lat' dir='ltr'>regne</span> <span class='ocrx_word' id='word_1_231' title='bbox 1066 4117 1103 4177; x_wconf 89' lang='lat' dir='ltr'>de</span> <span class='ocrx_word' id='word_1_232' title='bbox 1119 4118 1208 4178; x_wconf 82' lang='lat' dir='ltr'>louis</span> <span class='ocrx_word' id='word_1_233' title='bbox 1224 4121 1282 4188; x_wconf 85' lang='lat' dir='ltr'>XI,</span> 
     </span>
     <span class='ocr_line' id='line_1_33' title="bbox 222 4209 1071 4290; baseline 0.007 -24"><span class='ocrx_word' id='word_1_234' title='bbox 222 4209 238 4265; x_wconf 69' lang='lat' dir='ltr'>‘a</span> <span class='ocrx_word' id='word_1_235' title='bbox 252 4227 360 4286; x_wconf 79' lang='lat' dir='ltr'>propos</span> <span class='ocrx_word' id='word_1_236' title='bbox 372 4209 412 4268; x_wconf 92' lang='lat' dir='ltr'>du</span> <span class='ocrx_word' id='word_1_237' title='bbox 424 4214 518 4269; x_wconf 76' lang='lat' dir='ltr'>meme</span> <span class='ocrx_word' id='word_1_238' title='bbox 530 4209 588 4269; x_wconf 82' lang='lat' dir='ltr'>due</span> <span class='ocrx_word' id='word_1_239' title='bbox 600 4209 637 4268; x_wconf 91' lang='lat' dir='ltr'>de</span> <span class='ocrx_word' id='word_1_240' title='bbox 648 4211 840 4284; x_wconf 77' lang='lat' dir='ltr'>ltormsndie,</span> <span class='ocrx_word' id='word_1_241' title='bbox 854 4216 939 4283; x_wconf 86' lang='lat' dir='ltr'>t.·11,</span> <span class='ocrx_word' id='word_1_242' title='bbox 953 4231 983 4290; x_wconf 88' lang='lat' dir='ltr'>p.</span> <span class='ocrx_word' id='word_1_243' title='bbox 1001 4214 1071 4272; x_wconf 80' lang='lat' dir='ltr'>rso.</span> 
     </span>
    </p>
   </div>
   <div class='ocr_carea' id='block_1_6' title="bbox 0 0 1482 5070">
    <p class='ocr_par' dir='ltr' id='par_1_7' title="bbox 0 0 1482 5070">
     <span class='ocr_line' id='line_1_34' title="bbox 0 0 1482 5070; baseline 0 0"><span class='ocrx_word' id='word_1_244' title='bbox 0 0 1482 5070; x_wconf 95' lang='lat' dir='ltr'> </span> 
     </span>
    </p>
   </div>
  </div>
 </body>
</html>
