2946 5070
613 502 720 558 uultu
741 501 892 560 SEXTUS.
1261 508 1279 563 ll

216 631 354 703 arcium
371 632 544 730 capitanei
564 647 600 705 et
620 631 783 706 custodes
811 633 970 727 fuerant,
1000 636 1036 706 in
1060 649 1177 733 partes
1200 662 1280 710 suas

214 749 358 847 pellexit
370 763 405 820 et
420 750 572 824 attraxit.

265 871 439 942 Omnium
464 872 581 966 enim,
610 897 701 970 quos
722 887 881 971 poterat,
902 873 1042 946 animos
1072 873 1127 971 pel
1153 899 1278 949 mune·

214 983 314 1057 ribus
328 985 439 1078 datis,
463 988 519 1058 vel
538 989 752 1086 pensionum
774 1012 837 1060 seu
858 988 1039 1061 honorum
1055 990 1279 1088 pollicitatio·

215 1099 325 1172 nibus
340 1101 581 1199 pertentabat3
597 1105 645 1177 ita
656 1120 710 1196 ut,
724 1103 825 1176 brevi
841 1106 1013 1203 temporis
1029 1112 1279 1200 mora‚'omnes

212 1217 433 1291 munitiones
447 1218 493 1290 de
510 1219 738 1312 comitatibus
755 1215 894 1291 Pontivi
911 1235 945 1291 et
960 1221 1111 1315 Auertite,
1125 1202 1278 1321 demptis
1374 1300 1382 1311 ,

211 1334 351 1432 paucis,
382 1358 453 1406 suae
482 1334 679 1409 allectionis
709 1351 744 1407 et
772 1335 921 1408 ditionis
942 1336 1108 1408 effecerit.
1143 1340 1278 1436 Sponte

211 1450 347 1548 quippe
378 1449 599 1524 deditionem
629 1451 788 1524 fecerunt
818 1452 921 1549 plura
952 1451 1092 1523 illarum
1122 1455 1277 1551 partium

210 1565 369 1663 oppida,
405 1581 443 1636 ut
476 1565 717 1661 Abbafisvilla,
750 1567 1039 1659 Monsterolium‚
1077 1567 1274 1662 Hesdr‘nclr,

210 1683 370 1773 Pomm,
389 1680 563 1754 Bethania
571 1697 608 1754 et
623 1683 790 1771 Bolonia,
810 1682 921 1754 etalia
933 1682 1013 1755 loca
1029 1685 1272 1782 quamplura¹.

210 1799 317 1870 lnitio
329 1799 427 1870 enim
442 1824 502 1871 rex
527 1824 601 1872 non
621 1825 671 1893 se,
690 1801 788 1872 velut
801 1799 959 1891 hostem,
980 1801 1117 1873 venisse
1134 1800 1179 1873 ad
1200 1801 1272 1873 ltu-

203 1913 366 2010 ]usmodi
383 1931 492 1988 terras
509 1915 738 2014 occupandas
752 1913 913 2006 dicebat;
933 1916 995 1986 sed
1020 1940 1092 2007 eas,
1112 1931 1152 1988 ut
1178 1931 1274 1989 tuto·

207 2055 285 2103 rem
299 2031 497 2128 legitimum
512 2031 629 2104 filiolae
653 2056 743 2123 suae,
773 2047 809 2103 et
828 2031 946 2104 adsui
968 2033 1274 2104 conservationem

206 2169 252 2218 ac
279 2147 523 2220 defensionem
546 2147 653 2243 juris,
679 2146 747 2219 sub
767 2171 831 2219 sua
854 2170 977 2218 manu·
990 2160 1025 2218 et
1052 2146 1273 2243 protectione

207 2268 372 2360 ponere¹.
393 2267 476 2336 Erat
492 2264 626 2362 quippe
642 2263 751 2362 ipsius
767 2261 1000 2360 principissae,
1027 2262 1139 2333 unicae
1155 2263 1272 2335 Caroli

206 2376 309 2450 ducis
324 2377 423 2471 filiae,
455 2378 643 2477 spiritualis
666 2379 702 2451 in
728 2403 828 2452 sacro
850 2379 1061 2477 baptismate
1082 2392 1183 2475 pater
1209 2403 1272 2450 seu
1366 2394 1372 2407 ’

204 2494 386 2592 patrinus,
416 2518 567 2592 eamque
594 2494 639 2567 de
669 2491 770 2568 sacro
803 2495 900 2568 sonte
928 2496 1106 2567 levaverat
1116 2497 1138 2566 ¹.
1168 2496 1272 2568 Unde

204 2633 248 2681 ex
280 2608 354 2682 hoc
379 2610 616 2708 plurimorum
647 2610 691 2682 de
721 2611 789 2682 illis
817 2611 918 2683 terris
947 2610 1106 2701 animm,
1140 2610 1270 2706 quiex

206 2721 278 2794 tide
305 2725 556 2822 potiusquam
576 2725 678 2797 aliter
702 2740 831 2797 cuncta
851 2725 907 2820 agi
932 2721 1197 2815 existimabant,
1223 2726 1269 2797 ad

204 2837 272 2911 sibi
298 2839 499 2937 parendum
519 2839 707 2911 alliciebat.
729 2845 813 2912 Erat
837 2840 997 2938 proiecto
1016 2838 1133 2911 eidem
1152 2839 1269 2914 filiolae

204 2978 277 3027 suae
305 2956 611 3054 consanguinitate
632 2957 875 3056 propinquus,
893 2978 1100 3053 quanquam
1121 2955 1181 3027 alii
1206 2982 1266 3030 su-

203 3087 405 3171 peressent,
445 3073 507 3170 qui
544 3072 656 3168 gradu
696 3070 954 3170 propinquiore
989 3070 1106 3142 eidem
1121 3058 1127 3067 ⁸
1138 3072 1266 3171 junge-

202 3203 339 3260 rentur.
403 3250 408 3261 .
1006 3173 1017 3191 ’

254 3309 303 3376 Ex
328 3305 463 3404 duplici
486 3305 605 3402 itaque
630 3304 767 3402 capite,
795 3318 969 3375 terrarum
991 3327 1135 3376 suarum
1158 3316 1266 3403 atque

199 3419 361 3517 ejusdem
381 3420 653 3515 consanguineas
678 3419 916 3491 suaetutelam
942 3433 978 3492 et
998 3418 1170 3515 gardiam,
1190 3444 1266 3521 pm

200 3536 354 3629 caeteris,
375 3533 507 3608 habere
532 3561 569 3607 se
591 3531 723 3607 debere
747 3533 966 3608 affirmabat:
995 3536 1080 3632 quia
1101 3532 1265 3611 videlieet

199 3651 277 3748 ejus
300 3652 523 3750 propinquus
547 3650 851 3746 consanguineus,
879 3665 932 3745 et,
959 3674 1043 3722 cum
1065 3651 1172 3750 longe
1191 3674 1262 3726 ooe·

200 3767 283 3838 teris
302 3781 389 3838 esset
406 3766 586 3864 potentior
608 3765 655 3838 ad
671 3780 782 3838 terras
799 3789 843 3845 ac
860 3765 1021 3838 dominia
1038 3767 1114 3863 ejus
1129 3767 1263 3840 tuenda

199 3897 237 3955 et
257 3881 501 3974 defendenda,
532 3881 579 3954 ad
604 3881 810 3978 hujusmodi
839 3882 964 3961 tutele.
977 3907 1109 3954 munus
1135 3886 1261 3956 merito

240 4058 270 4116 l.
291 4053 495 4113 lentior-avril
508 4055 599 4114 tttt.

238 4149 270 4210 2.
292 4146 418 4206 Ponebat
430 4146 501 4206 dans
513 4146 541 4205 le
554 4165 608 4205 ms.

241 4243 271 4300 ³.
292 4240 353 4300 ulte
368 4240 435 4299 ituit
446 4240 502 4298 nee
514 4240 642 4318 pendant
655 4259 708 4299 son
721 4241 779 4300 exil
792 4261 829 4301 en
843 4240 978 4302 litabant.
