<?xml version="1.0" encoding="UTF-8"?>
<!DOCTYPE html PUBLIC "-//W3C//DTD XHTML 1.0 Transitional//EN"
    "http://www.w3.org/TR/xhtml1/DTD/xhtml1-transitional.dtd">
<html xmlns="http://www.w3.org/1999/xhtml" xml:lang="en" lang="en">
 <head>
  <title>
</title>
<meta http-equiv="Content-Type" content="text/html;charset=utf-8" />
  <meta name='ocr-system' content='tesseract 3.04.00' />
  <meta name='ocr-capabilities' content='ocr_page ocr_carea ocr_par ocr_line ocrx_word'/>
</head>
<body>
  <div class='ocr_page' id='page_1' title='image "./histoiredesrgne00amelgoog_0298.png"; bbox 0 0 2946 5070; ppageno 0'>
   <div class='ocr_carea' id='block_1_1' title="bbox 611 464 1260 525">
    <p class='ocr_par' dir='ltr' id='par_1_1' title="bbox 611 464 1260 525">
     <span class='ocr_line' id='line_1_1' title="bbox 611 464 1260 525; baseline 0.005 -5"><span class='ocrx_word' id='word_1_1' title='bbox 611 464 842 525; x_wconf 79' lang='lat' dir='ltr'><strong>PROOEMIUM.</strong></span> <span class='ocrx_word' id='word_1_2' title='bbox 1204 467 1260 525; x_wconf 68' lang='lat' dir='ltr'><strong>stt</strong></span> 
     </span>
    </p>
   </div>
   <div class='ocr_carea' id='block_1_2' title="bbox 199 595 1269 2677">
    <p class='ocr_par' dir='ltr' id='par_1_2' title="bbox 201 595 1263 931">
     <span class='ocr_line' id='line_1_2' title="bbox 202 595 1263 697; baseline 0.003 -30"><span class='ocrx_word' id='word_1_3' title='bbox 202 596 317 688; x_wconf 85' lang='lat' dir='ltr'><strong>fuero,</strong></span> <span class='ocrx_word' id='word_1_4' title='bbox 333 595 405 668; x_wconf 90' lang='lat' dir='ltr'><strong>hoc</strong></span> <span class='ocrx_word' id='word_1_5' title='bbox 423 597 539 694; x_wconf 90' lang='lat' dir='ltr'><strong>ipsum</strong></span> <span class='ocrx_word' id='word_1_6' title='bbox 558 595 765 697; x_wconf 84' lang='lat' dir='ltr'><strong>ignora[bi]t</strong></span> <span class='ocrx_word' id='word_1_7' title='bbox 780 598 901 670; x_wconf 90' lang='lat' dir='ltr'><strong>anima</strong></span> <span class='ocrx_word' id='word_1_8' title='bbox 917 621 1009 671; x_wconf 91' lang='lat' dir='ltr'><strong>mea.</strong></span> <span class='ocrx_word' id='word_1_9' title='bbox 1027 597 1098 686; x_wconf 88' lang='lat' dir='ltr'><strong>Qui</strong></span> <span class='ocrx_word' id='word_1_10' title='bbox 1111 597 1263 670; x_wconf 89' lang='lat' dir='ltr'><strong>etiamsi</strong></span> 
     </span>
     <span class='ocr_line' id='line_1_3' title="bbox 201 711 1261 812; baseline 0.001 -28"><span class='ocrx_word' id='word_1_11' title='bbox 201 711 364 784; x_wconf 83' lang='lat' dir='ltr'>habuero</span> <span class='ocrx_word' id='word_1_12' title='bbox 391 742 408 777; x_wconf 73' lang='lat' dir='ltr'><strong>a</strong></span> <span class='ocrx_word' id='word_1_13' title='bbox 428 713 477 784; x_wconf 87' lang='lat' dir='ltr'><strong>ait</strong></span> <span class='ocrx_word' id='word_1_14' title='bbox 501 743 517 777; x_wconf 69' lang='lat' dir='ltr'><strong>cr</strong></span> <span class='ocrx_word' id='word_1_15' title='bbox 537 712 721 811; x_wconf 83' lang='lat' dir='ltr'>quidpiam</span> <span class='ocrx_word' id='word_1_16' title='bbox 741 715 895 810; x_wconf 89' lang='lat' dir='ltr'><strong>justum,</strong></span> <span class='ocrx_word' id='word_1_17' title='bbox 915 720 997 784; x_wconf 81' lang='lat' dir='ltr'><strong>non&#39;</strong></span> <span class='ocrx_word' id='word_1_18' title='bbox 1012 711 1261 812; x_wconf 83' lang='lat' dir='ltr'><strong>respondebo,</strong></span> 
     </span>
     <span class='ocr_line' id='line_1_4' title="bbox 202 828 871 931; baseline -0.01 -29"><span class='ocrx_word' id='word_1_19' title='bbox 202 828 265 902; x_wconf 91' lang='lat' dir='ltr'><strong>sed</strong></span> <span class='ocrx_word' id='word_1_20' title='bbox 279 829 439 927; x_wconf 90' lang='lat' dir='ltr'><strong>judicem</strong></span> <span class='ocrx_word' id='word_1_21' title='bbox 457 854 577 901; x_wconf 89' lang='lat' dir='ltr'><strong>meum</strong></span> <span class='ocrx_word' id='word_1_22' title='bbox 595 829 831 931; x_wconf 86' lang='lat' dir='ltr'><strong>deprecabor.</strong></span> <span class='ocrx_word' id='word_1_23' title='bbox 854 862 871 895; x_wconf 83' lang='grc'>»</span> 
     </span>
    </p>

    <p class='ocr_par' dir='ltr' id='par_1_3' title="bbox 199 944 1269 2677">
     <span class='ocr_line' id='line_1_5' title="bbox 250 944 1265 1044; baseline 0.004 -29"><span class='ocrx_word' id='word_1_24' title='bbox 250 950 325 1018; x_wconf 88' lang='lat' dir='ltr'><strong>Hac</strong></span> <span class='ocrx_word' id='word_1_25' title='bbox 338 945 445 1040; x_wconf 84' lang='lat' dir='ltr'><strong>igitur</strong></span> <span class='ocrx_word' id='word_1_26' title='bbox 459 944 667 1018; x_wconf 87' lang='lat' dir='ltr'><strong>humilitatis</strong></span> <span class='ocrx_word' id='word_1_27' title='bbox 683 946 833 1018; x_wconf 89' lang='lat' dir='ltr'><strong>instituti</strong></span> <span class='ocrx_word' id='word_1_28' title='bbox 850 945 1013 1018; x_wconf 87' lang='lat' dir='ltr'><strong>doctrina</strong></span> <span class='ocrx_word' id='word_1_29' title='bbox 1024 961 1131 1044; x_wconf 91' lang='lat' dir='ltr'><strong>atque</strong></span> <span class='ocrx_word' id='word_1_30' title='bbox 1146 972 1265 1020; x_wconf 85' lang='lat' dir='ltr'><strong>exem·</strong></span> 
     </span>
     <span class='ocr_line' id='line_1_6' title="bbox 201 1061 1266 1160; baseline 0.003 -27"><span class='ocrx_word' id='word_1_31' title='bbox 201 1063 281 1159; x_wconf 94' lang='lat' dir='ltr'><strong>plo,</strong></span> <span class='ocrx_word' id='word_1_32' title='bbox 301 1061 397 1160; x_wconf 87' lang='lat' dir='ltr'><strong>apud</strong></span> <span class='ocrx_word' id='word_1_33' title='bbox 416 1061 632 1153; x_wconf 91' lang='lat' dir='ltr'><strong>Dominum,</strong></span> <span class='ocrx_word' id='word_1_34' title='bbox 651 1062 747 1159; x_wconf 87' lang='lat' dir='ltr'><strong>apud</strong></span> <span class='ocrx_word' id='word_1_35' title='bbox 769 1065 876 1158; x_wconf 91' lang='lat' dir='ltr'><strong>quem</strong></span> <span class='ocrx_word' id='word_1_36' title='bbox 894 1062 1134 1134; x_wconf 84' lang='lat' dir='ltr'><strong>misericordia</strong></span> <span class='ocrx_word' id='word_1_37' title='bbox 1150 1077 1185 1134; x_wconf 89' lang='lat' dir='ltr'><strong>et</strong></span> <span class='ocrx_word' id='word_1_38' title='bbox 1198 1088 1266 1136; x_wconf 91' lang='lat' dir='ltr'><strong>co-</strong></span> 
     </span>
     <span class='ocr_line' id='line_1_7' title="bbox 201 1177 1266 1275; baseline 0.002 -27"><span class='ocrx_word' id='word_1_39' title='bbox 201 1179 303 1275; x_wconf 88' lang='lat' dir='ltr'><strong>piosa</strong></span> <span class='ocrx_word' id='word_1_40' title='bbox 331 1177 547 1275; x_wconf 86' lang='lat' dir='ltr'><strong>redemptio,</strong></span> <span class='ocrx_word' id='word_1_41' title='bbox 582 1178 690 1249; x_wconf 87' lang='lat' dir='ltr'><strong>satius</strong></span> <span class='ocrx_word' id='word_1_42' title='bbox 707 1179 813 1273; x_wconf 84' lang='lat' dir='ltr'><strong>longe</strong></span> <span class='ocrx_word' id='word_1_43' title='bbox 841 1177 1005 1251; x_wconf 87' lang='lat' dir='ltr'><strong>ducimus</strong></span> <span class='ocrx_word' id='word_1_44' title='bbox 1029 1204 1113 1250; x_wconf 90' lang='lat' dir='ltr'><strong>cum</strong></span> <span class='ocrx_word' id='word_1_45' title='bbox 1139 1179 1266 1251; x_wconf 90' lang='lat' dir='ltr'><strong>humili</strong></span> 
     </span>
     <span class='ocr_line' id='line_1_8' title="bbox 201 1291 1265 1391; baseline 0.004 -29"><span class='ocrx_word' id='word_1_46' title='bbox 201 1291 394 1390; x_wconf 87' lang='lat' dir='ltr'><strong>publicano</strong></span> <span class='ocrx_word' id='word_1_47' title='bbox 424 1291 703 1371; x_wconf 89' lang='lat' dir='ltr'><strong>misericordiam</strong></span> <span class='ocrx_word' id='word_1_48' title='bbox 730 1293 918 1391; x_wconf 89' lang='lat' dir='ltr'><strong>imprecari</strong></span> <span class='ocrx_word' id='word_1_49' title='bbox 949 1308 985 1366; x_wconf 91' lang='lat' dir='ltr'><strong>et</strong></span> <span class='ocrx_word' id='word_1_50' title='bbox 1011 1291 1129 1366; x_wconf 88' lang='lat' dir='ltr'><strong>dicere</strong></span> <span class='ocrx_word' id='word_1_51' title='bbox 1156 1295 1265 1366; x_wconf 87' lang='lat' dir='ltr'><strong>corde</strong></span> 
     </span>
     <span class='ocr_line' id='line_1_9' title="bbox 200 1408 1264 1509; baseline 0 -29"><span class='ocrx_word' id='word_1_52' title='bbox 200 1408 340 1480; x_wconf 88' lang='lat' dir='ltr'><strong>sincero</strong></span> <span class='ocrx_word' id='word_1_53' title='bbox 363 1436 372 1478; x_wconf 74' lang='grc' dir='ltr'><strong><em>ε</em></strong></span> <span class='ocrx_word' id='word_1_54' title='bbox 396 1439 412 1474; x_wconf 75' lang='grc' dir='ltr'>α</span> <span class='ocrx_word' id='word_1_55' title='bbox 434 1414 549 1500; x_wconf 89' lang='lat' dir='ltr'><strong>Deus,</strong></span> <span class='ocrx_word' id='word_1_56' title='bbox 579 1409 754 1509; x_wconf 85' lang='lat' dir='ltr'><strong>propitius</strong></span> <span class='ocrx_word' id='word_1_57' title='bbox 781 1424 856 1482; x_wconf 92' lang='lat' dir='ltr'><strong>esto</strong></span> <span class='ocrx_word' id='word_1_58' title='bbox 881 1410 994 1502; x_wconf 89' lang='lat' dir='ltr'><strong>milri,</strong></span> <span class='ocrx_word' id='word_1_59' title='bbox 1023 1411 1224 1509; x_wconf 87' lang='lat' dir='ltr'><strong>peccatori,</strong></span> <span class='ocrx_word' id='word_1_60' title='bbox 1245 1440 1264 1480; x_wconf 73' lang='lat' dir='ltr'><strong>n</strong></span> 
     </span>
     <span class='ocr_line' id='line_1_10' title="bbox 200 1527 1268 1626; baseline 0.003 -29"><span class='ocrx_word' id='word_1_61' title='bbox 200 1551 311 1623; x_wconf 90' lang='lat' dir='ltr'><strong>quam</strong></span> <span class='ocrx_word' id='word_1_62' title='bbox 339 1541 617 1624; x_wconf 77' lang='lat' dir='ltr'><strong>praesumptuose</strong></span> <span class='ocrx_word' id='word_1_63' title='bbox 635 1551 677 1599; x_wconf 89' lang='lat' dir='ltr'><strong>ac</strong></span> <span class='ocrx_word' id='word_1_64' title='bbox 703 1542 833 1599; x_wconf 90' lang='lat' dir='ltr'><strong>temere</strong></span> <span class='ocrx_word' id='word_1_65' title='bbox 861 1527 958 1626; x_wconf 90' lang='lat' dir='ltr'><strong>apud</strong></span> <span class='ocrx_word' id='word_1_66' title='bbox 986 1552 1069 1599; x_wconf 95' lang='lat' dir='ltr'><strong>eum</strong></span> <span class='ocrx_word' id='word_1_67' title='bbox 1094 1529 1268 1600; x_wconf 87' lang='lat' dir='ltr'><strong>innocen·</strong></span> 
     </span>
     <span class='ocr_line' id='line_1_11' title="bbox 199 1641 1264 1736; baseline 0.005 -25"><span class='ocrx_word' id='word_1_68' title='bbox 199 1641 285 1713; x_wconf 91' lang='lat' dir='ltr'><strong>tiam</strong></span> <span class='ocrx_word' id='word_1_69' title='bbox 312 1666 465 1714; x_wconf 84' lang='lat' dir='ltr'><strong>asserere</strong></span> <span class='ocrx_word' id='word_1_70' title='bbox 488 1643 545 1715; x_wconf 92' lang='lat' dir='ltr'><strong>vel</strong></span> <span class='ocrx_word' id='word_1_71' title='bbox 569 1643 760 1716; x_wconf 81' lang='lat' dir='ltr'><strong>defendere</strong></span> <span class='ocrx_word' id='word_1_72' title='bbox 783 1643 885 1715; x_wconf 88' lang='lat' dir='ltr'><strong>velle.</strong></span> <span class='ocrx_word' id='word_1_73' title='bbox 913 1643 1022 1732; x_wconf 90' lang='lat' dir='ltr'><strong>Quod</strong></span> <span class='ocrx_word' id='word_1_74' title='bbox 1039 1658 1115 1716; x_wconf 87' lang='lat' dir='ltr'><strong>esto</strong></span> <span class='ocrx_word' id='word_1_75' title='bbox 1136 1644 1185 1716; x_wconf 90' lang='lat' dir='ltr'><strong>ita</strong></span> <span class='ocrx_word' id='word_1_76' title='bbox 1200 1645 1264 1736; x_wconf 92' lang='lat' dir='ltr'><strong>sit,</strong></span> 
     </span>
     <span class='ocr_line' id='line_1_12' title="bbox 200 1759 1264 1858; baseline 0.002 -28"><span class='ocrx_word' id='word_1_77' title='bbox 200 1772 319 1832; x_wconf 86' lang='lat' dir='ltr'><strong>tamen</strong></span> <span class='ocrx_word' id='word_1_78' title='bbox 337 1759 457 1858; x_wconf 91' lang='lat' dir='ltr'><strong>quoad</strong></span> <span class='ocrx_word' id='word_1_79' title='bbox 481 1761 686 1835; x_wconf 78' lang='lat' dir='ltr'><strong>mortalium</strong></span> <span class='ocrx_word' id='word_1_80' title='bbox 710 1761 901 1833; x_wconf 91' lang='lat' dir='ltr'><strong>hominum</strong></span> <span class='ocrx_word' id='word_1_81' title='bbox 922 1760 1099 1858; x_wconf 89' lang='lat' dir='ltr'><strong>judicium</strong></span> <span class='ocrx_word' id='word_1_82' title='bbox 1121 1761 1264 1855; x_wconf 89' lang='lat' dir='ltr'><strong>attinet,</strong></span> 
     </span>
     <span class='ocr_line' id='line_1_13' title="bbox 200 1874 1268 1974; baseline 0.002 -27"><span class='ocrx_word' id='word_1_83' title='bbox 200 1875 263 1970; x_wconf 90' lang='lat' dir='ltr'><strong>qui</strong></span> <span class='ocrx_word' id='word_1_84' title='bbox 287 1901 409 1973; x_wconf 85' lang='lat' dir='ltr'><strong>aequos</strong></span> <span class='ocrx_word' id='word_1_85' title='bbox 423 1892 459 1948; x_wconf 92' lang='lat' dir='ltr'><strong>et</strong></span> <span class='ocrx_word' id='word_1_86' title='bbox 477 1877 592 1973; x_wconf 92' lang='lat' dir='ltr'><strong>justos</strong></span> <span class='ocrx_word' id='word_1_87' title='bbox 606 1903 644 1950; x_wconf 93' lang='lat' dir='ltr'><strong>se</strong></span> <span class='ocrx_word' id='word_1_88' title='bbox 661 1903 779 1951; x_wconf 88' lang='lat' dir='ltr'><strong>rerum</strong></span> <span class='ocrx_word' id='word_1_89' title='bbox 796 1877 1026 1973; x_wconf 68' lang='lat' dir='ltr'><strong>aestimatores</strong></span> <span class='ocrx_word' id='word_1_90' title='bbox 1042 1891 1150 1974; x_wconf 91' lang='lat' dir='ltr'><strong>atque</strong></span> <span class='ocrx_word' id='word_1_91' title='bbox 1167 1874 1268 1949; x_wconf 90' lang='lat' dir='ltr'><strong>arbi-</strong></span> 
     </span>
     <span class='ocr_line' id='line_1_14' title="bbox 199 1991 1267 2090; baseline 0.002 -30"><span class='ocrx_word' id='word_1_92' title='bbox 199 2004 274 2063; x_wconf 91' lang='lat' dir='ltr'><strong>tros</strong></span> <span class='ocrx_word' id='word_1_93' title='bbox 287 1991 455 2064; x_wconf 83' lang='lat' dir='ltr'><strong>exhibere</strong></span> <span class='ocrx_word' id='word_1_94' title='bbox 468 1993 663 2087; x_wconf 88' lang='lat' dir='ltr'><strong>voluerint,</strong></span> <span class='ocrx_word' id='word_1_95' title='bbox 680 1995 716 2065; x_wconf 92' lang='lat' dir='ltr'><strong>in</strong></span> <span class='ocrx_word' id='word_1_96' title='bbox 731 2007 889 2065; x_wconf 89' lang='lat' dir='ltr'><strong>nostram</strong></span> <span class='ocrx_word' id='word_1_97' title='bbox 901 1991 1123 2090; x_wconf 87' lang='lat' dir='ltr'><strong>apologiam,</strong></span> <span class='ocrx_word' id='word_1_98' title='bbox 1137 1992 1267 2079; x_wconf 85' lang='lat' dir='ltr'><strong>eodem</strong></span> 
     </span>
     <span class='ocr_line' id='line_1_15' title="bbox 199 2093 1268 2209; baseline -0.003 -28"><span class='ocrx_word' id='word_1_99' title='bbox 199 2107 363 2205; x_wconf 88' lang='lat' dir='ltr'><strong>adjutore</strong></span> <span class='ocrx_word' id='word_1_100' title='bbox 380 2110 425 2181; x_wconf 94' lang='lat' dir='ltr'><strong>de</strong></span> <span class='ocrx_word' id='word_1_101' title='bbox 441 2110 542 2206; x_wconf 89' lang='lat' dir='ltr'><strong>cujus</strong></span> <span class='ocrx_word' id='word_1_102' title='bbox 557 2111 646 2209; x_wconf 21' lang='lat' dir='ltr'><strong>etl-in</strong></span> <span class='ocrx_word' id='word_1_103' title='bbox 662 2093 762 2207; x_wconf 86' lang='lat' dir='ltr'><strong>cujus</strong></span> <span class='ocrx_word' id='word_1_104' title='bbox 785 2108 861 2181; x_wconf 85' lang='lat' dir='ltr'><strong>sola</strong></span> <span class='ocrx_word' id='word_1_105' title='bbox 877 2109 989 2205; x_wconf 82' lang='lat' dir='ltr'><strong>gratia</strong></span> <span class='ocrx_word' id='word_1_106' title='bbox 1004 2123 1111 2206; x_wconf 87' lang='lat' dir='ltr'><strong>atque</strong></span> <span class='ocrx_word' id='word_1_107' title='bbox 1131 2108 1268 2179; x_wconf 88' lang='lat' dir='ltr'><strong>miseri·</strong></span> 
     </span>
     <span class='ocr_line' id='line_1_16' title="bbox 199 2223 1268 2333; baseline 0 -39"><span class='ocrx_word' id='word_1_108' title='bbox 199 2225 323 2297; x_wconf 90' lang='lat' dir='ltr'><strong>cordia</strong></span> <span class='ocrx_word' id='word_1_109' title='bbox 353 2250 536 2333; x_wconf 74' lang='lat' dir='ltr'><strong>speramns</strong></span> <span class='ocrx_word' id='word_1_110' title='bbox 570 2241 605 2297; x_wconf 91' lang='lat' dir='ltr'><strong>et</strong></span> <span class='ocrx_word' id='word_1_111' title='bbox 637 2223 869 2316; x_wconf 86' lang='lat' dir='ltr'><strong>confidimus,</strong></span> <span class='ocrx_word' id='word_1_112' title='bbox 897 2226 981 2298; x_wconf 86' lang='lat' dir='ltr'><strong>talia</strong></span> <span class='ocrx_word' id='word_1_113' title='bbox 1015 2224 1268 2298; x_wconf 85' lang='lat' dir='ltr'><strong>subnectemus</strong></span> 
     </span>
     <span class='ocr_line' id='line_1_17' title="bbox 200 2338 1269 2438; baseline 0 -28"><span class='ocrx_word' id='word_1_114' title='bbox 200 2365 280 2436; x_wconf 86' lang='lat' dir='ltr'><strong>quae</strong></span> <span class='ocrx_word' id='word_1_115' title='bbox 304 2365 372 2412; x_wconf 87' lang='lat' dir='ltr'><strong>nos</strong></span> <span class='ocrx_word' id='word_1_116' title='bbox 396 2356 521 2435; x_wconf 85' lang='lat' dir='ltr'><strong>contra</strong></span> <span class='ocrx_word' id='word_1_117' title='bbox 550 2341 790 2438; x_wconf 86' lang='lat' dir='ltr'><strong>malignorum</strong></span> <span class='ocrx_word' id='word_1_118' title='bbox 815 2366 877 2412; x_wconf 90' lang='lat' dir='ltr'><strong>seu</strong></span> <span class='ocrx_word' id='word_1_119' title='bbox 903 2338 1186 2413; x_wconf 84' lang='lat' dir='ltr'><strong>obtrectatorum</strong></span> <span class='ocrx_word' id='word_1_120' title='bbox 1212 2363 1269 2411; x_wconf 90' lang='lat' dir='ltr'><strong>ca·</strong></span> 
     </span>
     <span class='ocr_line' id='line_1_18' title="bbox 199 2455 1263 2555; baseline 0.001 -28"><span class='ocrx_word' id='word_1_121' title='bbox 199 2455 355 2528; x_wconf 88' lang='lat' dir='ltr'><strong>lumnias</strong></span> <span class='ocrx_word' id='word_1_122' title='bbox 371 2457 465 2555; x_wconf 88' lang='lat' dir='ltr'><strong>juste</strong></span> <span class='ocrx_word' id='word_1_123' title='bbox 481 2482 523 2530; x_wconf 88' lang='lat' dir='ltr'><strong>ac</strong></span> <span class='ocrx_word' id='word_1_124' title='bbox 540 2458 796 2531; x_wconf 83' lang='lat' dir='ltr'><strong>rationabiliter</strong></span> <span class='ocrx_word' id='word_1_125' title='bbox 813 2473 980 2531; x_wconf 89' lang='lat' dir='ltr'><strong>tueantur</strong></span> <span class='ocrx_word' id='word_1_126' title='bbox 996 2472 1032 2529; x_wconf 91' lang='lat' dir='ltr'><strong>et</strong></span> <span class='ocrx_word' id='word_1_127' title='bbox 1048 2455 1243 2529; x_wconf 77' lang='lat' dir='ltr'><strong>defendant</strong></span> <span class='ocrx_word' id='word_1_128' title='bbox 1252 2485 1263 2545; x_wconf 90' lang='lat'>;</span> 
     </span>
     <span class='ocr_line' id='line_1_19' title="bbox 199 2573 1264 2677; baseline -0.002 -32"><span class='ocrx_word' id='word_1_129' title='bbox 199 2588 240 2645; x_wconf 94' lang='lat' dir='ltr'><strong>ut</strong></span> <span class='ocrx_word' id='word_1_130' title='bbox 251 2574 388 2645; x_wconf 82' lang='lat' dir='ltr'><strong>cunctis</strong></span> <span class='ocrx_word' id='word_1_131' title='bbox 404 2575 466 2672; x_wconf 87' lang='lat' dir='ltr'><strong>qui</strong></span> <span class='ocrx_word' id='word_1_132' title='bbox 481 2575 557 2647; x_wconf 87' lang='lat' dir='ltr'><strong>haec</strong></span> <span class='ocrx_word' id='word_1_133' title='bbox 570 2575 685 2672; x_wconf 86' lang='lat' dir='ltr'><strong>legere</strong></span> <span class='ocrx_word' id='word_1_134' title='bbox 702 2591 738 2647; x_wconf 91' lang='lat' dir='ltr'><strong>et</strong></span> <span class='ocrx_word' id='word_1_135' title='bbox 750 2576 1032 2677; x_wconf 82' lang='lat' dir='ltr'><strong>animadvertere</strong></span> <span class='ocrx_word' id='word_1_136' title='bbox 1049 2573 1264 2662; x_wconf 86' lang='lat' dir='ltr'><strong>curaverint,</strong></span> 
     </span>
    </p>
   </div>
   <div class='ocr_carea' id='block_1_3' title="bbox 198 2687 1374 3024">
    <p class='ocr_par' dir='ltr' id='par_1_4' title="bbox 198 2687 1374 3024">
     <span class='ocr_line' id='line_1_20' title="bbox 198 2687 1374 2792; baseline 0.001 -31"><span class='ocrx_word' id='word_1_137' title='bbox 198 2688 376 2787; x_wconf 90' lang='lat' dir='ltr'><strong>liquidum</strong></span> <span class='ocrx_word' id='word_1_138' title='bbox 400 2689 460 2762; x_wconf 76' lang='lat' dir='ltr'><strong>frat</strong></span> <span class='ocrx_word' id='word_1_139' title='bbox 485 2716 552 2764; x_wconf 92' lang='lat' dir='ltr'><strong>nos</strong></span> <span class='ocrx_word' id='word_1_140' title='bbox 576 2691 826 2792; x_wconf 86' lang='lat' dir='ltr'><strong>improborum</strong></span> <span class='ocrx_word' id='word_1_141' title='bbox 849 2687 1150 2765; x_wconf 87' lang='lat' dir='ltr'><strong>calumniatorum</strong></span> <span class='ocrx_word' id='word_1_142' title='bbox 1175 2689 1268 2762; x_wconf 88' lang='lat' dir='ltr'><strong>dolis</strong></span> <span class='ocrx_word' id='word_1_143' title='bbox 1366 2694 1374 2722; x_wconf 75' lang='lat'>⁸</span> 
     </span>
     <span class='ocr_line' id='line_1_21' title="bbox 198 2805 1266 2910; baseline -0.001 -31"><span class='ocrx_word' id='word_1_144' title='bbox 198 2808 479 2902; x_wconf 90' lang='lat' dir='ltr'><strong>circumventos,</strong></span> <span class='ocrx_word' id='word_1_145' title='bbox 499 2823 535 2880; x_wconf 91' lang='lat' dir='ltr'><strong>et</strong></span> <span class='ocrx_word' id='word_1_146' title='bbox 554 2809 749 2910; x_wconf 91' lang='lat' dir='ltr'><strong>impiorum</strong></span> <span class='ocrx_word' id='word_1_147' title='bbox 772 2809 950 2881; x_wconf 86' lang='lat' dir='ltr'><strong>violentiis</strong></span> <span class='ocrx_word' id='word_1_148' title='bbox 970 2822 1007 2880; x_wconf 95' lang='lat' dir='ltr'><strong>et</strong></span> <span class='ocrx_word' id='word_1_149' title='bbox 1030 2805 1266 2904; x_wconf 90' lang='lat' dir='ltr'><strong>injustissimis</strong></span> 
     </span>
     <span class='ocr_line' id='line_1_22' title="bbox 200 2922 895 3024; baseline 0 -29"><span class='ocrx_word' id='word_1_150' title='bbox 200 2922 292 2996; x_wconf 89' lang='lat' dir='ltr'><strong>odiis</strong></span> <span class='ocrx_word' id='word_1_151' title='bbox 307 2939 512 3024; x_wconf 88' lang='lat' dir='ltr'><strong>persecutos</strong></span> <span class='ocrx_word' id='word_1_152' title='bbox 523 2923 628 2997; x_wconf 85' lang='lat' dir='ltr'><strong>luisse</strong></span> <span class='ocrx_word' id='word_1_153' title='bbox 644 2939 680 2998; x_wconf 93' lang='lat' dir='ltr'><strong>et</strong></span> <span class='ocrx_word' id='word_1_154' title='bbox 695 2928 895 3023; x_wconf 87' lang='lat' dir='ltr'><strong>oppressos.</strong></span> 
     </span>
    </p>
   </div>
   <div class='ocr_carea' id='block_1_4' title="bbox 0 0 1478 5070">
    <p class='ocr_par' dir='ltr' id='par_1_5' title="bbox 0 0 1478 5070">
     <span class='ocr_line' id='line_1_23' title="bbox 0 0 1478 5070; baseline 0 1"><span class='ocrx_word' id='word_1_155' title='bbox 0 0 1478 5070; x_wconf 95' lang='lat' dir='ltr'><strong> </strong></span> 
     </span>
    </p>
   </div>
  </div>
 </body>
</html>
