2946 5070
586 499 694 555 maun
715 499 865 557 PRIMUS.
1200 504 1259 560 att
1345 568 1351 577 ⁸

200 630 282 725 suga
306 653 370 701 sua
394 631 626 730 conscripsit,
659 628 757 731 apud
785 632 951 707 mortales
982 631 1148 703 homines
1179 630 1261 702 satis

200 760 401 818 excusatam
425 744 501 817 fieri
516 761 683 844 putamus
704 746 938 819 secessionem
958 761 1117 820 nostram
1139 746 1186 817 ab
1201 770 1262 818 ec-

200 864 305 936 clesia
329 878 469 956 nostra,
498 865 680 962 potissime
706 889 807 957 cum,
835 878 875 935 ut
901 865 970 936 late
1003 888 1110 963 supra
1139 887 1262 946 recen·

200 980 347 1063 suimus,
361 980 397 1050 vi
411 979 546 1076 majore
560 995 667 1077 atque
676 981 838 1078 precisa,
853 981 910 1052 cui
923 981 1081 1053 resistere
1091 995 1127 1052 et
1137 994 1264 1053 contra

201 1097 265 1168 niti
285 1097 382 1169 nulla
399 1097 505 1168 nobis
521 1097 668 1170 facultas
681 1097 758 1184 fuit,
780 1094 826 1170 ab
841 1096 966 1170 eadem
982 1097 1076 1197 pulsi
1094 1112 1129 1169 et
1145 1084 1260 1194 ejecti,

202 1236 266 1283 nec
290 1213 337 1284 ad
362 1236 441 1285 eam
464 1215 590 1286 reverti
610 1213 770 1312 permissi
794 1213 969 1285 ullatenus
990 1213 1170 1284 fuerimus.
1192 1216 1264 1285 Nec

201 1344 319 1401 umen
327 1345 515 1428 propterea
525 1329 620 1428 apud
630 1330 828 1402 districtum
837 1329 998 1401 iudicem
1008 1327 1263 1428 inculpabilem

201 1468 268 1516 nos
285 1459 346 1517 aut
360 1445 536 1517 insontem
555 1469 709 1517 asserere
726 1448 989 1545 praesumimus,
1011 1475 1030 1513 «
1045 1446 1142 1544 apud
1156 1471 1264 1543 quem

202 1579 236 1640 et
263 1566 299 1637 in
325 1566 426 1662 cujus
456 1580 652 1664 conspectu
672 1595 690 1632 r
716 1581 756 1637 ut
779 1590 878 1639 sacer
899 1566 1055 1665 psalmus
1077 1568 1126 1640 ait
1152 1591 1264 1639 cnon

198 1680 449 1776 justificabitur
472 1681 590 1753 omnis
603 1682 726 1752 vivens
747 1710 764 1748 u
779 1709 788 1770 3
812 1681 875 1754 sed
896 1680 1016 1780 potius
1030 1681 1214 1755 humiliter
1231 1696 1266 1756 et

202 1795 329 1868 devote
358 1797 433 1893 ejus
458 1796 740 1870 miscricordiam
765 1812 871 1896 atque
900 1812 1099 1871 erratorum
1124 1799 1266 1871 veniam

202 1910 449 2011 deprecamur.

518 2222 774 2294 CAPITULUM
800 2223 924 2291 XXIX.

221 2417 260 2469 De
271 2414 323 2470 elie
334 2415 467 2471 calama
480 2434 511 2470 ao
521 2414 704 2489 pemecutione
717 2417 745 2471 in
756 2417 876 2491 personia
888 2416 1038 2490 conjunctis
1051 2417 1131 2472 nobit
1141 2416 1250 2474 inflicta.

256 2591 399 2681 Verum,
421 2605 456 2663 et
473 2592 566 2664 ultra
584 2617 629 2666 ea
652 2618 730 2690 quae
757 2595 998 2682 narravimus,
1028 2617 1111 2665 cum
1138 2596 1174 2667 in
1205 2620 1272 2666 nos

205 2706 371 2777 malevoli
397 2731 464 2804 pro
494 2722 581 2780 voto
606 2710 727 2780 saevire
753 2733 828 2780 uon
852 2723 1015 2807 possent,
1044 2694 1108 2805 qui
1124 2710 1162 2780 in
1180 2712 1270 2782 civi-

206 2834 276 2893 tate
293 2822 423 2917 insigni
438 2845 480 2894 ac
494 2822 608 2896 libera
629 2827 863 2896 Treverorum
885 2822 1075 2897 latibulum
1093 2849 1136 2897 ac
1152 2825 1273 2922 profu·

207 2940 303 3036 gium
329 2953 462 3029 tutum,
489 2943 567 3011 Deo
585 2938 827 3032 concedente,
859 2940 1108 3012 inveneramus
1118 2946 1141 3029 ¹,
1175 2955 1272 3014 extra

207 3055 353 3128 totalem
372 3056 463 3152 regis
482 3054 640 3153 predicti
657 3055 850 3147 ditionem,
877 3058 1124 3152 cogitaverunt
1143 3056 1272 3129 iterum

209 3174 375 3245 nonnulli
392 3174 491 3272 impii
507 3171 696 3268 quomodo
713 3173 751 3244 iu
768 3197 940 3271 personas
955 3173 1182 3270 conjunctas,
1201 3197 1274 3268 ger·

210 3314 336 3363 manos
361 3290 494 3362 scilicet
521 3303 663 3361 nostros
683 3304 719 3361 et
744 3290 921 3386 quosdam
942 3289 1115 3362 honestos
1139 3314 1274 3364 merea-

210 3424 317 3498 tores,
336 3407 398 3504 qui
413 3406 608 3503 aliquando
623 3406 678 3477 vel
694 3406 861 3504 epistolas
879 3406 934 3478 vel
955 3405 1125 3504 pecunias
1145 3406 1191 3479 de
1207 3408 1275 3505 spi·

211 3522 396 3595 ritualibus
416 3521 649 3620 proventibus
675 3523 829 3609 ecclesiae
856 3536 984 3593 nostrae
1010 3522 1056 3595 ad
1080 3546 1149 3593 nos
1171 3521 1274 3594 detu-

210 3641 344 3732 lerant,
380 3639 564 3727 saevirent,
604 3662 742 3735 nosque
784 3639 840 3712 vel
876 3662 921 3710 eo
955 3637 1066 3710 modo
1099 3639 1275 3739 supplicio

212 3752 405 3826 allicerent.
481 3802 484 3813 .

264 3871 306 3938 Et
320 3881 388 3939 tres
402 3865 547 3964 quidem
566 3890 609 3938 ex
629 3866 804 3963 germanis
829 3868 979 3957 nostris,
996 3891 1152 3965 quorum
1169 3867 1276 3940 crsis-
1379 3872 1389 3886 '

213 3996 295 4055 tunt
310 3983 384 4055 duo
413 3983 463 4055 illi
487 4007 579 4080 quos
603 4006 710 4081 supra
729 3983 880 4055 Turonis
900 3982 1005 4055 luisse
1030 3981 1094 4054 diu
1112 3981 1276 4055 detentos

256 4248 286 4302 l.
308 4249 353 4303 Au
369 4240 664 4303 wmmcuoementde
676 4241 789 4302 l’ennee
810 4245 899 4301 tttt.
