2946 5070
200 493 258 550 tto
471 490 730 550 mstomantnt
751 489 929 548 utoovlct
949 491 992 548 xl

199 624 383 696 exitialiter
398 620 666 721 premebantur,
686 624 765 720 paci
785 621 1011 720 libertatique
1026 647 1098 695 suae
1113 624 1260 696 restituti

199 741 356 814 luissent.
678 813 680 817 Α
1188 801 1191 804 ,
1220 771 1223 774 ·

249 856 353 952 Atqui
369 854 529 954 prolecto
546 855 653 927 tantis
667 854 779 927 bonis
800 854 866 953 ipsi
892 855 1030 951 indigni
1053 870 1176 944 erant,
1198 879 1262 928 nec

199 972 325 1068 dignas
347 972 429 1044 satis
449 971 569 1042 adhuc
586 995 712 1069 poenas
728 971 951 1043 exsolverent
970 994 1037 1069 pro
1050 970 1263 1043 malevolen-

199 1088 356 1177 tia‚0dio
366 1102 472 1184 atque
481 1085 794 1176 exsecrationibus,
802 1102 891 1183 quas
900 1086 1070 1159 adversus
1079 1087 1263 1185 praelatum

199 1205 375 1302 optimum
407 1202 616 1301 pontificem
646 1203 848 1276 habuerant
877 1219 983 1300 atque
1017 1218 1259 1276 exercuerant.

200 1324 349 1419 Propter
374 1345 452 1417 quae
470 1320 602 1392 scelera
622 1335 658 1392 et
679 1320 839 1392 facinora
858 1319 1040 1391 «tradidit
1059 1343 1124 1392 eos
1142 1320 1263 1392 divina

195 1436 329 1532 justitia
345 1437 381 1506 in
399 1436 593 1535 reprobum
611 1462 767 1526 sensum,
786 1467 803 1501 s
821 1452 855 1507 et
877 1465 894 1503 r
910 1450 1046 1507 mentes
1063 1460 1192 1508 eorum
1208 1460 1264 1507 ex·

199 1553 342 1623 cacavit
356 1552 484 1624 merito
507 1552 675 1649 nequitiae
694 1575 786 1643 suae,
802 1581 828 1617 ·»
847 1565 887 1621 ut
900 1575 1042 1646 aequum
1059 1566 1096 1650 et
1109 1551 1260 1646 justum,

199 1668 369 1766 quodque
388 1669 438 1739 eis
461 1669 686 1740 utilissimum
708 1665 814 1739 luisse
835 1665 1025 1759 debuerat,
1045 1669 1195 1739 minime
1212 1669 1261 1738 vi·

199 1783 284 1855 dere
300 1798 406 1881 atque
423 1808 615 1881 agnoscere
640 1797 798 1882 possent.
818 1783 926 1869 Quod
944 1807 986 1852 ex
1002 1781 1263 1880 duobus,-quae

199 1917 285 1972 tunc
299 1927 362 1999 per
376 1927 438 1973 eos
455 1915 551 1998 gesta
570 1913 670 1989 sunt,
692 1900 886 1996 unicuique
903 1901 1032 1970 intueri
1045 1900 1140 1971 licet.

251 2024 331 2091 Uno
343 2019 490 2118 quidem
505 2021 601 2115 quia,
622 2042 705 2089 cum
720 2033 851 2089 trames
868 2030 984 2088 rectus
995 2031 1031 2088 et
1041 2031 1186 2115 aperms
1200 2042 1263 2091 nec

200 2135 289 2206 alius
301 2151 387 2207 tunc
403 2136 471 2206 nisi
488 2134 547 2206 ille
562 2136 688 2206 unicus
708 2135 758 2205 eis
772 2147 921 2231 pateret,
938 2132 1153 2232 [videbatur]
1168 2135 1263 2231 quod

200 2250 350 2323 domino
367 2266 402 2350 et
419 2251 552 2349 pastori
568 2276 633 2322 suo
650 2250 825 2348 piissimo,
843 2251 905 2346 qui
924 2251 1082 2348 paratior
1099 2265 1176 2322 erat
1191 2275 1265 2322 om·

201 2392 284 2438 nem
299 2368 335 2438 in
350 2391 387 2438 se
405 2366 577 2439 offensam
592 2367 804 2449 condonare
820 2391 931 2464 quarn
957 2367 1024 2464 ipsi
1041 2380 1181 2465 petere,
1193 2392 1265 2441 sese

200 2481 449 2554 reconciliatos
468 2495 503 2552 et
526 2495 676 2579 pacatos
687 2505 761 2553 esse
776 2481 991 2570 voluissent,
1010 2505 1186 2580 eumque,
1207 2507 1265 2553 re-

200 2596 253 2669 lut
274 2598 420 2669 unicum
440 2621 510 2667 suae
537 2597 753 2670 defensionis
774 2623 816 2670 ac
843 2597 1014 2670 libertatis
1029 2597 1262 2696 presidium,

201 2714 236 2784 in
266 2737 367 2786 suam
394 2713 573 2785 civitatem
607 2713 832 2785 invenissent.
859 2714 931 2786 Sed
961 2716 1142 2787 tramitem
1167 2714 1265 2786 illurn

127 2862 130 2872 ·
200 2831 397 2928 callemque
417 2845 553 2902 rectum
579 2843 615 2901 et
640 2829 903 2928 paratissimum
921 2855 963 2901 ac
987 2828 1196 2902 facillimum
1221 2830 1265 2903 ad

200 2972 326 3045 pacem
340 2965 442 3019 suam
456 2946 730 3043 acquirendam,
751 2970 816 3018 sua
830 2947 966 3018 malitia
982 2948 1134 3019 omnino
1157 2973 1266 3020 excae·

200 3064 287 3151 cati,
308 3089 375 3136 nec
391 3064 582 3162 complecti
603 3087 669 3134 nec
694 3086 886 3157 agnoscere
902 3077 1115 3161 potuerant3
1142 3072 1266 3136 verum

199 3180 319 3278 potius
334 3181 401 3278 ipsi
415 3181 566 3251 omnino
583 3202 746 3250 aversum
764 3202 785 3248 a
801 3203 865 3251 sua
877 3179 990 3252 salute
1006 3193 1042 3251 et
1055 3179 1175 3277 quiete
1189 3181 1266 3253 ani·

201 3321 319 3387 mum,
336 3296 433 3367 velut
447 3293 611 3367 homines
629 3294 786 3366 lrenetici
801 3309 836 3366 et
848 3295 1060 3387 dementati,
1080 3295 1263 3390 gerebant.

203 3410 306 3481 Unde
322 3435 405 3481 curn
427 3410 464 3481 in
488 3434 532 3482 ea
549 3410 599 3482 sic
615 3409 765 3481 collecta
785 3410 911 3507 populi
923 3409 1151 3481 multitudine
1175 3437 1268 3483 unus

202 3530 256 3599 vir
281 3528 401 3601 bonus
422 3544 457 3600 et
477 3528 635 3626 prudens
660 3526 888 3598 acclamasset
907 3525 1007 3624 quod
1027 3541 1212 3624 oporteret
1231 3550 1268 3600 se

202 3646 297 3717 illico
325 3647 464 3717 mittere
488 3645 534 3717 ad
562 3670 667 3715 suum
693 3643 899 3743 pontificem
925 3645 1065 3740 aliquos
1095 3645 1160 3739 qui
1185 3670 1267 3717 eum

202 3763 249 3834 ad
274 3764 453 3835 civitatem
483 3761 724 3850 adducerent,
753 3762 871 3834 statim
898 3785 920 3832 a
942 3760 1047 3833 turba
1074 3762 1267 3860 impiorum

202 3881 438 3952 acclamatum
464 3894 516 3951 est
552 3903 588 3950 se
618 3903 803 3975 rnrnquam
831 3879 922 3949 velle
959 3879 1076 3950 eidem
1106 3877 1267 3976 pontilici

204 4023 269 4070 suo
292 4013 327 4070 et
345 3996 496 4096 principi
513 4016 650 4094 parere,
675 4019 741 4066 nec
759 3994 847 4066 ullas
865 3995 915 4065 eis
933 3996 987 4066 in¹
1007 3995 1179 4097 episcopo
1199 3996 1267 4064 Da·

244 4230 273 4288 l.
295 4227 428 4307 corriges
443 4247 487 4283 eos
503 4246 576 4283 cum.
1246 4184 1257 4223 Ι
