2946 5070
428 538 436 548 ι
495 506 776 575 ΗΒΕΗΗῙΜῦδ.
1111 499 1172 571 ‘³07

113 641 274 713 Biterris¹,
288 642 465 716 civitatem
488 642 555 716 iter
586 642 757 731 coniecit3
783 643 826 714 in'
847 667 920 741 qua
943 643 1101 741 primum
1127 646 1173 718 de

107 758 258 830 transitu
278 774 408 831 nostro·
420 759 551 832 certior
566 759 678 832 iactus
701 758 777 830 suit.
797 757 849 830 tbi
868 760 1072 858 quippe'ad
1088 785 1171 834 cer-

108 885 185 943 tum
200 876 370 970 cognovit
385 875 485 971 quod
503 875 597 967 illac,
614 898 735 948 versus
751 876 1174 949 MontemPfflsulanum¹
1274 894 1276 898 ’

108 988 305 1082 tendentes,
326 989 514 1061 transitum
540 989 749 1063 feceramus.
771 993 857 1077 Quo
881 989 1074 1082 intellecto,
1087 1017 1172 1092 spe·

107 1122 191 1177 rans
207 1130 274 1178 nos
290 1107 450 1178 invenire
474 1106 659 1203 Lugduni,
680 1107 742 1179 iilo
759 1106 875 1180 rediit.
903 1105 973 1179 Ubi
997 1129 1091 1180 cum
1106 1132 1173 1183 nec

107 1247 175 1293 nos
190 1223 400 1313 invenisset,
416 1222 499 1314 sed,
517 1222 606 1295 saiso
623 1246 772 1296 rumore
791 1239 961 1322 accepto,
982 1224 1174 1297 audivisset

41 1390 45 1395 -
106 1363 228 1411 versus
249 1340 441 1413 Bituricas⁸
463 1362 531 1411 nos
548 1341 677 1413 exinde
699 1339 901 1439 proiectos,
920 1364 987 1413 nos
1002 1357 1173 1432 assectare

104 1457 193 1531 etin
213 1457 338 1528 itinere
354 1457 503 1557 cupiens
528 1455 730 1549 offendere,
752 1480 908 1555 propero
926 1482 1034 1530 cursu
1061 1480 1174 1555 usque
1296 1482 1300 1488 ·

103 1571 156 1646 ud¹
169 1574 345 1673 oppidum
362 1573 686 1666 Sancti-Porciam*
702 1573 882 1671 pervenit,
912 1573 1054 1669 illicque
1070 1575 1173 1647 intel·

103 1688 190 1760 laxit
223 1690 382 1787 primum
413 1689 511 1789 apud
539 1689 756 1785 Lugdunum
784 1712 807 1760 a
832 1687 956 1760 fallace
987 1684 1107 1765 indice
1136 1714 1174 1762 se

104 1803 209 1876 fuisse
230 1804 407 1888 delusum.
432 1809 523 1878 Nam
538 1818 663 1876 revera
686 1818 851 1876 nostum
869 1827 934 1900 per
958 1802 1173 1900 Lugdunum

104 1920 253 1994 minime
269 1923 456 1996 transitum
483 1921 700 2017 feceramus3
720 1920 785 1992 sed
806 1920 1098 2019 archiepiscopus
1119 1922 1173 1993 Bi·
1225 1904 1230 1916 ⁸

103 2037 289 2111 turicensis
298 2043 322 2131 ⁸,
342 2041 455 2112 Roma
470 2040 629 2132 rediens,
648 2038 705 2109 his
726 2037 854 2111 diebus
870 2038 951 2121 illac
965 2040 1169 2130 transierat,

102 2153 189 2226 iude
206 2153 253 2228 ab
272 2155 400 2228 urbem
415 2178 517 2228 suam
535 2156 727 2229 Bituricam
748 2178 937 2252 regressus.

154 2276 198 2343 Et
212 2271 261 2345 ita
280 2272 488 2370 hujusmodi
509 2273 626 2347 nuntii
642 2272 854 2344 circuitione
875 2273 1054 2370 variisque
1077 2299 1172 2349 erro·

102 2385 203 2459 ribus
217 2389 322 2479 actis,
342 2388 430 2463 dum
446 2387 554 2461 nobis
568 2389 607 2459 in
623 2388 749 2460 itinere
772 2386 930 2461 studeret
945 2402 1023 2461 toto
1041 2390 1170 2462 annisu

103 2526 312 2597 occurrere,
334 2505 577 2579 misericordie
594 2507 660 2578 Dei
678 2504 811 2578 iactum
839 2503 904 2577 fuit
932 2520 1077 2580 ut‘ante
1101 2511 1170 2580 Ge·

102 2619 261 2714 benum,
295 2622 417 2694 locum
445 2624 573 2694 tutudi
606 2646 649 2694 ac
683 2645 868 2711 securum,
903 2623 1164 2714 inveniremus,

102 2762 212 2835 quam
230 2737 278 2810 ad
297 2763 364 2811 nos
385 2739 460 2837 ipse
482 2738 669 2837 pervenire
683 2737 866 2834 potuisset.
887 2741 955 2808 Per
972 2738 1091 2836 ipsum
1102 2762 1166 2811 au·

103 2868 175 2925 tem
190 2868 227 2925 et
247 2854 337 2928 alios
351 2847 584 2925 fideles'vi'nos
602 2850 771 2924 scivimus
793 2852 910 2948 quod,
925 2866 1010 2952 post
1022 2876 1080 2942 se,
1104 2876 1165 2926 rex

102 2971 215 3044 ulium
236 2968 424 3042 hominem
445 2968 492 3042 ad
517 2992 586 3041 nos
608 2966 825 3060 destinabat,
849 2966 1015 3040 videlicet
1038 2970 1165 3066 magis·

102 3103 198 3159 trum
220 3086 456 3187 Guillermum
472 3084 519 3157 de
542 3085 713 3177 Cderird‘,
732 3074 839 3195 nobis
853 3083 947 3157 benc
962 3086 1160 3182 cognitum,

101 3228 185 3279 cum
207 3205 285 3282 eliis
300 3200 424 3278 litteris
441 3219 549 3300 atque
568 3200 863 3274 instructionibus
880 3217 917 3275 et
940 3226 1050 3275 onere
1077 3203 1164 3276 alte‘«

101 3323 175 3394 rius
192 3322 392 3419 'legationis
422 3320 515 3393 ultra
547 3323 774 3417 Pyrenaeum,
807 3316 905 3391 unde
927 3319 1035 3418 pardo
1059 3335 1161 3412 ante,

143 3694 172 3752 ³·
194 3692 332 3772 Bonos·
387 3714 389 3719 ⁴
489 3688 498 3696 '
522 3758 526 3769 .

141 3790 172 3849 i.
194 3784 435 3862 saint-Pmrroein
448 3800 485 3843 eu
497 3780 708 3847 nudemus.

140 3888 172 3944 ὅ.
192 3888 264 3943 Jean
278 3886 374 3954 Coerrr,
391 3878 436 3938 fiis
449 3879 490 3937 du
504 3876 623 3937 celebre
631 3871 776 3958 urgentior
789 3875 826 3937 de
836 3873 954 3938 Ghnrles
966 3879 1030 3938 vn.
1046 3883 1101 3939 Eos
1113 3898 1165 3940 am

101 3993 180 4041 tetus
190 3978 234 4048 du
249 3981 348 4040 Gallia
361 3975 519 4033 christiana
530 3985 582 4048 ont¹
593 3971 694 4051 ignore
711 3988 766 4033 sou
783 3989 897 4052 voyage
911 3972 1046 4046 Hieme,
1060 3970 1164 4032 dontii

15 4078 18 4083 ’
100 4085 145 4133 est
157 4071 290 4153 question
303 4070 352 4132 ici.
605 4146 609 4153 ι

142 4171 172 4246 d,
194 4166 357 4226 Guiiiaum'e
374 4163 410 4224 de
427 4156 555 4240 cerisay,
570 4158 687 4240 greffier
706 4156 747 4219 du
764 4158 943 4241 pulemont,
961 4158 1114 4223 mettere
1136 4175 1165 4222 et

102 4259 429 4342 mmotdmduroi,
444 4259 510 4336 plus
525 4251 862 4335 nemiuem.
