2946 5070
590 467 699 523 LIBER
725 465 875 527 PRIMUS.
1102 552 1108 557 ⁸
1201 469 1259 535 353

199 609 274 668 tam
290 595 366 694 ipse
389 619 498 694 quarn
524 595 714 694 collegium
742 597 1119 670 reverendissimorum
1143 596 1260 668 cardi-

200 713 355 804 nalium,
370 713 581 788 favorabiles
601 740 668 814 pro
685 713 790 788 nobis
805 714 972 814 epistolas
987 713 1153 808 scribere,
1171 737 1261 812 qua·
1313 702 1316 707 ’

201 844 305 903 tenus
326 854 511 905 assensum
526 857 631 905 suum
649 845 829 933 praestaret
846 844 887 903 ut
902 831 1009 906 aliam
1025 832 1210 906 ecclesiam
1223 832 1260 902 in

201 970 313 1044 regno
329 970 396 1019 suo
413 946 665 1021 honorabilem
692 972 973 1047 assequeremur,
1001 948 1177 1022 sanctitati
1192 971 1264 1020 suae

203 1062 330 1158 gratias
360 1077 504 1158 agentes
534 1065 792 1164 permaximas,
826 1064 971 1136 alterius
1007 1063 1162 1137 ecclesiae
1195 1061 1263 1134 sub

201 1176 361 1274 ejusdem
377 1180 469 1276 regis
485 1178 634 1273 ditione,
655 1205 762 1278 quern
780 1179 859 1253 talis
875 1180 1016 1277 justitiae
1032 1194 1068 1252 et
1086 1178 1170 1251 lidei
1190 1177 1265 1251 sore

202 1288 434 1385 noveramus,
468 1295 776 1394 quemadmodum
799 1320 908 1395 supra
934 1319 956 1369 a
982 1294 1088 1367 nobis
1116 1295 1267 1367 relatum

202 1421 273 1502 est,
304 1411 594 1506 procurationem
617 1425 655 1485 et
676 1411 834 1508 regimen
856 1412 1005 1484 minime
1023 1411 1113 1483 velle
1128 1409 1267 1506 assequi

203 1549 266 1597 seu
286 1526 486 1601 desiderare
499 1528 772 1627 respondimus;
792 1527 838 1601 de
855 1527 1039 1600 humiliori
1059 1529 1165 1601 ctiam
1182 1552 1270 1599 con·

203 1643 291 1714 tenti
304 1644 407 1716 titulo
417 1669 526 1742 quam
535 1645 581 1717 sit
588 1643 862 1743 patriarchatus,
875 1643 1030 1717 ecclesiae
1045 1643 1268 1715 Caesariensis

206 1760 417 1853 Palaestinae,
445 1774 532 1833 teste
555 1758 663 1836 beato
694 1760 913 1858 Hieronymo
943 1761 1052 1832 totius
1079 1759 1269 1831 Palaestinae

204 1877 433 1977 metropolis,
470 1879 613 1951 titulum
643 1880 954 1979 acceptavimus,
970 1893 1007 1950 et
1032 1901 1076 1950 eo
1102 1875 1271 1950 libentius

205 1994 305 2091 quod
336 1992 443 2066 nobis
469 2019 610 2094 semper
642 1995 709 2067 fuit
736 1997 910 2069 memoria
937 1993 1150 2087 venerahilis
1177 1992 1273 2067 beati

207 2109 383 2210 Pamphili
419 2111 584 2209 martyris
613 2126 721 2209 atque
757 2110 969 2186 venerabilis
998 2109 1163 2201 Eusebii,
1196 2109 1272 2207 ejus

205 2223 369 2324 discipuli
383 2242 419 2300 et
434 2224 718 2321 contubernalis,
733 2227 795 2324 qui
809 2228 916 2301 etiam
931 2225 1050 2301 eidem
1068 2226 1268 2324 Pamphilo,

205 2342 374 2437 magistro
406 2369 489 2437 suo,
517 2343 555 2414 in
586 2343 741 2415 ecclesiae
773 2343 934 2441 ejusdem
963 2343 1271 2418 administratione

206 2459 385 2549 successit,
404 2473 452 2547 et,
469 2484 491 2531 a
505 2460 652 2532 nomine
670 2460 827 2557 magistri
842 2461 896 2532 sui
910 2472 1152 2557 cognomento
1169 2463 1272 2531 Pam·

207 2572 295 2671 phili
312 2574 519 2672 insignitus,
538 2576 605 2647 toti
618 2575 747 2647 Christi
763 2576 918 2649 ecclesia
936 2576 1174 2672 insignissima
1186 2599 1269 2646 suo·

207 2714 287 2760 rum
296 2678 539 2764 studiosorum
548 2691 715 2765 laborum
733 2705 840 2790 atque
851 2691 1036 2764 utilissima
1049 2690 1271 2764 monimenta

207 2804 362 2902 reliquit.

257 2925 298 2991 ln
320 2946 417 3018 quo,
444 2919 607 3018 pluribus
634 2922 875 3020 praetermissis
907 2921 1059 3021 quibus,
1093 2948 1200 3023 supra
1228 2949 1270 2998 ea

208 3061 288 3134 quae
313 3037 515 3130 retulimus,
537 3037 629 3109 dolis
645 3051 752 3134 atque
767 3037 905 3134 injuriis
923 3037 1069 3137 appetiti
1084 3039 1270 3137 vexatique

209 3153 358 3249 luimus,
375 3153 474 3227 hunc
492 3154 664 3253 apologiae
680 3170 808 3227 nostrae
824 3153 985 3228 libellum
1002 3154 1158 3252 primurn
1174 3154 1272 3228 clau·

210 3268 353 3361 demus,
383 3271 491 3344 aliam
518 3270 766 3369 postulationis
784 3286 906 3344 vestrae
931 3284 1068 3370 partem
1099 3271 1136 3342 in
1160 3271 1271 3344 alium

210 3401 441 3460 reservantes.

253 3616 282 3672 l.
305 3615 346 3672 Le
361 3604 400 3671 2'6
418 3611 476 3671 mai
491 3615 579 3673 llll.
