2946 5070
203 471 260 526 tas
476 473 732 533 ntsrotuattust
750 475 929 537 suosmet
946 477 989 533 xt

201 627 312 698 regno
328 603 537 678 deturbatos
562 605 685 698 frume,
706 632 790 679 cum
810 606 1007 691 reserantur
1022 633 1137 704 usque
1157 609 1204 683 ad
1216 613 1261 687 vi·

201 720 289 815 giuti
315 719 427 813 duos,
456 721 590 810 talibus
622 723 836 797 factionibus
858 739 894 795 et
916 723 1053 799 obortis
1076 739 1203 801 contra
1227 752 1262 801 se

201 837 423 936 perfidorum
448 839 703 932 simultatibus,
734 840 840 914 fuisse
863 841 1012 914 occisos.
1042 841 1152 928 Quod
1176 843 1262 915 siin

202 955 361 1052 regibus,
380 959 491 1053 etqui
507 959 647 1055 imperii
664 958 806 1030 culmen
824 958 899 1053 jam
916 957 1103 1049 tenebant,
1123 957 1161 1029 id
1174 959 1263 1032 effici

201 1076 333 1171 potuit,
351 1076 464 1147 multo
483 1076 620 1149 facilius
636 1076 673 1146 in
690 1076 746 1148 his
767 1075 1032 1174 impuberibus,
1052 1078 1116 1172 qni
1132 1076 1263 1151 nedum

201 1191 397 1287 quidquam
423 1192 563 1291 imperii
585 1216 651 1263 nec
671 1216 787 1265 annos
806 1192 1030 1265 discretionis
1053 1194 1261 1288 attigerunt,

201 1304 238 1377 id
258 1305 398 1381 admitti
415 1332 519 1406 posse
537 1307 740 1406 putandum
758 1323 829 1396 est;
848 1306 980 1404 quihus
1002 1308 1100 1381 nulla
1119 1333 1263 1407 prorsus

199 1436 253 1493 est
280 1421 490 1503 obluctandi
519 1448 580 1499 seu
610 1424 810 1505 resistendi·
826 1423 985 1498 facultas.
1011 1427 1140 1498 Vetere
1166 1427 1262 1503 enin

199 1533 415 1632 proverbio:
435 1566 451 1600 α
472 1539 634 1633 Regnum
650 1559 725 1608 non
744 1538 840 1634 capit
852 1536 958 1627 duos,
976 1551 1013 1608 et
1031 1536 1132 1608 nulla
1145 1551 1263 1609 sancta

200 1665 253 1722 est
269 1652 369 1747 regni
382 1652 532 1725 societas
545 1675 661 1749 neque
677 1651 784 1741 lides3
800 1682 817 1720 »
833 1667 868 1724 et
881 1655 986 1749 item,
1004 1680 1022 1720 r
1037 1676 1114 1723 non
1126 1635 1264 1750 patiun-

201 1780 258 1838 tur
273 1769 412 1840 socium
424 1792 575 1864 regnum
586 1783 622 1839 et
636 1767 772 1840 taedae.»
794 1768 896 1841 Unde
914 1768 1022 1840 etiam
1031 1766 1262 1867 postmodum

200 1907 268 1980 pro
288 1907 374 1957 vero
399 1899 436 1957 et
461 1884 665 1958 indubitato
692 1885 877 1981 cognitum
893 1898 970 1976 est,
991 1883 1092 1981 quod
1116 1882 1164 1955 ab
1188 1884 1261 1981 ipso

201 1997 313 2095 impio
328 1999 507 2097 parricida
523 2000 592 2099 ipsi
605 2000 705 2097 pueri
716 1999 824 2095 regii,
840 2013 988 2096 nepotes
1002 1998 1077 2090 sui,
1088 2020 1154 2069 seu
1166 1997 1262 2093 jussu

200 2115 312 2212 ipsius
328 2117 504 2215 perempti
520 2117 753 2214 exstinctique
767 2115 910 2187 luerunt
921 2119 943 2183 ¹.

252 2231 368 2303 Rebus
384 2233 490 2327 igitur
509 2233 558 2304 ita
575 2234 613 2304 in
642 2233 763 2328 anglia
787 2229 1098 2329 procurrentibus,
1116 2231 1193 2303 illic
1209 2232 1262 2302 tti-

200 2346 329 2437 cardo,
361 2349 474 2421 modo
503 2373 612 2445 quem
636 2349 878 2440 narravimus,
902 2371 1053 2443 regnum
1081 2361 1259 2438 assecuto,

200 2462 370 2539 manebat
385 2464 586 2537 Ludovicus
612 2470 831 2544 Francorum
846 2489 906 2537 rex
926 2488 1009 2559 cum
1028 2463 1261 2543 illustrissimo

200 2580 442 2657 Maximiliaoo
458 2595 494 2653 et
509 2583 611 2652 terris
626 2582 699 2653 suis
722 2581 760 2653 in
776 2604 877 2678 pace.

248 2696 485 2793 Trajectenses
513 2722 616 2791 veru,
653 2721 717 2795 spe
744 2721 854 2792 quam
886 2698 922 2766 in
960 2696 1036 2792 eJ‘us
1063 2695 1264 2771 habuerant

199 2813 332 2885 auxilio
357 2813 533 2907 destituti,
556 2812 747 2892 trahebant
764 2813 931 2885 miseram
952 2812 1063 2885 vitam
1088 2813 1127 2885 in
1155 2811 1263 2887 multa

200 2931 351 3028 penuria
370 2945 406 3002 et
425 2932 566 3003 caristia
582 2930 810 3024 victualium,
826 2941 951 3027 utpote
964 2927 1010 3001 ab
1025 2927 1192 3003 hostibus
1202 2929 1264 3003 eit·

200 3071 428 3143 cumquaque
449 3046 600 3133 obsessi,
621 3072 695 3119 uno
718 3061 839 3120 tamen
863 3043 996 3141 angulo
1018 3043 1145 3117 relicto
1168 3043 1263 3123 uude

200 3161 247 3233 ad
263 3187 345 3250 eos,
364 3187 432 3235 nec
449 3164 524 3234 sine
536 3187 666 3259 magna
678 3165 832 3236 militum
846 3177 882 3233 et
897 3175 1117 3233 armatorum
1132 3161 1264 3235 civium

200 3280 445 3373 multitudine,
471 3305 620 3353 annona
647 3281 776 3354 advehi
801 3260 933 3377 posset.
965 3278 1016 3351 ud
1042 3278 1144 3374 quod
1176 3303 1265 3376 opus

200 3422 292 3496 saepe
310 3398 429 3469 miseri
446 3398 560 3489 cives,
580 3397 745 3494 quotiens
767 3396 927 3492 tyrannis
942 3395 1015 3466 suis
1027 3393 1262 3480 collibuisset,

199 3512 267 3586 sub
296 3515 376 3586 vitae
399 3514 577 3612 pericu10,
607 3513 704 3585 velut
731 3513 815 3595 vilia
839 3513 1001 3607 jumenta
1030 3511 1086 3581 vel
1112 3535 1262 3608 penora,

201 3632 296 3702 exire
318 3630 552 3727 cogebantur.
576 3634 601 3699 Α
628 3629 865 3726 quibuscum
892 3640 1120 3724 compertum
1147 3626 1265 3711 suissed

200 3747 431 3845 quamplures
454 3772 497 3817 ex
521 3747 589 3835 eis,
610 3748 672 3842 qui
691 3746 741 3818 sic
761 3743 924 3831 exibant,
943 3743 1092 3815 minime
1112 3741 1162 3815 ad
1179 3742 1264 3815 civi·

240 3955 270 4010 l.
294 3954 374 4011 Cette
390 3950 496 4031 phrase
513 3964 556 4010 est
575 3971 633 4009 une
647 3951 774 4012 addition
787 3950 976 4031 postirienre,
991 3949 1134 4027 puisque,
1150 3949 1223 4008 dans
1241 3948 1266 4008 le

201 4045 381 4127 paragrapho
406 4045 579 4124 prdcddent,
603 4046 725 4103 l'auteur
745 4066 762 4104 a
784 4045 826 4103 dit
844 4045 933 4121 qn'on
952 4063 990 4101 ne
1008 4043 1101 4100 savait
1117 4062 1171 4121 pas
1190 4043 1266 4100 siles

200 4142 313 4200 eulants
333 4132 498 4199 d'lidouard
517 4140 644 4198 vivaient
656 4159 772 4199 encore.
791 4145 830 4198 Le
841 4139 909 4212 jour
923 4151 951 4196 et
964 4138 991 4195 la
1006 4138 1135 4196 mamere
1150 4137 1221 4195 dont
1233 4137 1266 4194 ils

201 4235 326 4313 perirent
341 4246 406 4291 sont
419 4233 564 4292 d'ailleurs
579 4235 668 4291 restes
681 4254 721 4291 un
736 4234 860 4310 mystere
871 4228 1091 4309 impenetrahle.
