2896 5070
269 496 328 554 364
589 501 710 559 moun
733 503 1009 563 catmottuss.

1272 646 1344 683 PAGR

267 692 425 749 (Συπυιυι
437 712 474 748 xr.
487 722 524 737 -·
534 696 575 749 Da
585 694 702 750 adventu
716 697 904 766 Mnximiliaui,
916 697 993 753 ducis
1003 699 1128 767 Ausuio,
1140 700 1171 755 in
1186 702 1271 756 Flau-

303 774 402 843 drim,
416 788 443 830 et
452 776 532 832 variis
550 778 774 834 incursationibus
791 793 819 834 et
837 782 1057 854 populationibus
1069 801 1210 855 agrorum,
1225 786 1269 840 al·

302 872 422 916 tenuante
437 863 561 931 fortuna,
575 882 625 936 per
639 864 757 927 Emucos
769 877 796 919 et
807 865 959 939 Flamingos
970 867 1046 922 factis
1050 908 1263 927 ............
1304 873 1339 926 36

266 984 427 1039 Camuunn
441 1004 489 1040 xu.
502 986 710 1057 -Quomodo,
723 1007 784 1063 rege
803 989 942 1045 exsistente
956 990 1028 1046 cim
1046 993 1220 1061 Atrebatum,
1241 1008 1270 1050 et

300 1066 370 1123 duce
382 1071 503 1140 bustric,
514 1090 576 1125 cum
587 1074 704 1127 exercitu
714 1073 813 1140 valido,
827 1074 898 1129 circa
908 1074 998 1131 villam
1009 1077 1265 1147 Pontis-Aveudiui,

301 1154 411 1210 luerunt
428 1156 497 1211 iuter
516 1175 562 1211 eos
576 1158 648 1213 iuitn
659 1171 767 1232 treugn,
780 1158 1023 1215 sedmaleserratn
1026 1201 1264 1218 ..............
1302 1164 1338 1218 42

265 1282 425 1339 Cnmcsurs
437 1303 496 1340 xm.
515 1314 553 1328 -
571 1286 612 1339 De
630 1282 701 1339 dieta
721 1298 817 1339 statuta
834 1284 870 1339 sd
882 1284 1099 1341 conveniendum
1114 1286 1267 1353 Cameraci,

301 1389 352 1442 pro
367 1387 432 1442 pace
442 1368 932 1441 tractanda,qunmluimeobserrata
946 1370 996 1425 luit
998 1409 1260 1427 ...............
1300 1375 1334 1428 46

264 1484 425 1544 Carnum
437 1506 491 1543 xtv.
505 1518 544 1533 ·-
556 1486 704 1586 Quomodo
714 1507 777 1558 rex,
789 1508 852 1544 cum
869 1502 974 1587 treugas
986 1508 1043 1545 nou
1053 1488 1157 1543 viduet
1175 1490 1267 1544 obser

299 1573 367 1639 rari,
380 1573 451 1627 misit
466 1574 611 1628 exercitum
628 1574 656 1628 iu
669 1574 870 1647 burgundiam
888 1593 936 1647 qur
927 1575 1009 1644 sibi,
1027 1573 1152 1629 nondum
1169 1588 1265 1631 exacto

298 1674 419 1734 tempore
440 1675 610 1734 treugarum,
628 1674 715 1717 totum
733 1663 889 1717 comitatum
906 1662 1069 1736 Burgundio
1086 1663 1230 1736 acquisivit
1241 1676 1267 1718 et

299 1745 433 1819 oppidum
443 1747 558 1802 Doleuse
572 1747 666 1801 evertit
670 1786 1263 1805 .................................
1301 1750 1335 1803 50

263 1868 425 1926 Gramma
435 1891 480 1927 xr.
491 1900 529 1915 -
541 1873 581 1927 De
595 1874 689 1946 prolio
701 1872 779 1926 ducis
789 1872 902 1927 Austriu
915 1884 942 1926 et
955 1872 1159 1946 Flamiugorum
1169 1884 1265 1929 contra

300 1956 417 2013 Francos
429 1957 498 2013 iuter
506 1958 646 2014 Morinum
656 1972 683 2014 et
692 1959 817 2013 Hesdlncls
819 1996 1261 2017 .........................
1300 1962 1335 2015 bl

262 2080 423 2138 Carrrnnsns
445 2102 500 2141 xrs.
524 2119 558 2132 -
575 2086 615 2140 De
632 2083 724 2157 preda
743 2102 839 2157 magun
858 2084 927 2138 lacta
946 2103 963 2138 a
981 2082 1073 2156 piratis
1087 2084 1265 2139 Normauuin

298 2186 379 2242 supra
394 2170 538 2242 piscatores
553 2169 685 2225 Flaudrin
701 2184 728 2226 et
742 2169 909 2238 Hollaudiar,
921 2183 947 2225 et
958 2169 993 2226 de
1003 2171 1148 2245 asperrima
1158 2171 1263 2240 bieme,

297 2272 370 2310 suno
390 2273 555 2310 rscoocnxxsx
560 2294 1260 2313 .......................................
1300 2260 1333 2314 58

261 2378 421 2435 Carnusnrs
434 2398 500 2435 xvn.
511 2411 546 2422 -
558 2383 599 2435 De
612 2382 686 2453 gravi
702 2380 832 2435 seditione
846 2392 872 2433 et
885 2380 1001 2434 tumultu
1014 2392 1108 2435 exorto
1120 2379 1265 2435 Florentia

296 2465 332 2519 sb
342 2465 386 2519 his
399 2465 434 2521 de
445 2465 544 2519 familia
563 2464 597 2518 de
615 2464 699 2519 Passis
710 2477 737 2518 et
748 2464 786 2518 eis
798 2462 1008 2533 tdhmentibus,
1027 2463 1202 2537 ejusdemque
1216 2478 1263 2519 tu·

297 2551 395 2605 multus
406 2550 590 2624 pacificatious
595 2586 1258 2606 .....................................
1299 2551 1328 2604 ot

261 2678 422 2735 mmor
435 2696 511 2734 xnus.
520 2704 555 2717 -
564 2677 685 2746 Qualiter
702 2676 786 2732 Turci
802 2675 974 2742 Odrnntum‚
992 2675 1125 2731 civitatem
1138 2677 1262 2748 Apulia,

295 2765 471 2838 popularuut,
485 2776 512 2818 ct
526 2761 665 2834 womodo
680 2760 744 2816 inde
754 2759 857 2835 depulsi
869 2761 977 2815 luerunt
979 2799 1258 2817 ................
1297 2761 1330 2813 67

259 2890 420 2947 emmau
432 2906 488 2944 xtx.
501 2916 538 2930 -
550 2887 589 2940 De
609 2885 771 2940 lamentabili
786 2885 864 2939 obitu
886 2884 995 2938 illustris
1014 2882 1132 2938 domiuus
1147 2884 1261 2956 bitrio,

295 2974 358 3039 filisa
369 2974 455 3029 uuicn
467 2972 567 3040 Caroli,
581 2969 804 3045 Burgundionum
816 2970 901 3037 ducis,
916 2968 1027 3024 ducias
1039 2969 1152 3024 Austri·
1157 3010 1257 3026 ......
1298 2973 1327 3024 ‘ll

259 3100 421 3159 Currum
433 3118 479 3156 xx.
491 3126 529 3142 -
541 3100 581 3152 De
600 3096 711 3153 exordio
729 3096 888 3170 gravissimu
900 3094 1037 3150 seditionis
1052 3106 1133 3165 atque
1152 3094 1261 3149 calami·

295 3187 372 3257 Μία,
391 3204 449 3259 qun
472 3184 536 3240 inde
558 3184 658 3238 civitati
678 3182 841 3256 Trajectensi
861 3180 1004 3254 provenit3
1028 3191 1054 3233 et
1076 3178 1110 3232 de
1133 3178 1261 3252 captione

294 3271 389 3345 oppidi
403 3271 505 3341 laidis,
519 3270 548 3325 in
562 3267 721 3337 liollandia,
733 3288 782 3342 per
793 3267 895 3321 exsules
904 3264 1089 3333 Hordeum,
1101 3275 1129 3318 et
1140 3263 1261 3337 ejusdem

293 3357 494 3430 recuperatione
497 3389 1257 3415 ...........................................
1298 3352 1331 3404 73

258 3482 420 3540 ὼπυιυι
435 3502 490 3538 xxr.
503 3512 540 3524 -
553 3481 701 3551 Quomodo
722 3480 848 3535 domiuus
868 3478 903 3533 de
924 3476 1066 3552 Egmuuda
1086 3475 1260 3532 Dordracum

294 3571 407 3643 subegit,
417 3569 617 3623 Hoeckeusibus
624 3567 687 3621 inde
697 3568 796 3640 pulsis3
807 3564 875 3621 etde
885 3565 996 3619 douretin
1006 3575 1032 3618 et
1041 3562 1174 3618 mandatis
1183 3564 1261 3618 ducis

294 3655 696 3726 AustrisscontraTrsjecteuses
702 3687 1255 3707 ...............................
1297 3650 1331 3701 77

258 3784 417 3842 mamus
429 3800 494 3835 xxu.
507 3778 702 3848 -Quomodo
716 3778 915 3851 Trajecteuses,
933 3776 961 3831 in
979 3794 1056 3830 suum
1071 3774 1181 3828 rebelles
1193 3792 1261 3847 pou·

292 3867 391 3923 tificetn
403 3908 410 3932 ,
423 3866 601 3921 accersierunt
617 3864 758 3918 dominum
774 3862 808 3917 de
824 3863 948 3932 Montsort
961 3862 989 3915 iu
1003 3861 1161 3916 civitatem..
1173 3901 1180 3914 .
1192 3901 1199 3915 .
1210 3901 1217 3914 .
1229 3900 1254 3916 ..
1296 3862 1332 3914 80

257 3995 420 4052 Carnam
431 4010 505 4048 xxm.
520 4022 554 4033 -
566 3988 712 4059 Quomodo
722 3991 921 4063 Trajecteuser‚
935 3989 1072 4063 cupientes
1090 3987 1263 4043 reconciliari

293 4102 343 4138 suo
350 4080 473 4155 pontiflci
481 4086 509 4135 et
520 4078 583 4134 duci
590 4077 711 4146 Austrin,
719 4089 885 4131 tentaverunt
893 4078 990 4149 pellere
1001 4075 1106 4131 civitate
1114 4072 1261 4129 dominum

294 4168 328 4222 de
339 4167 463 4236 Monesen
477 4178 503 4220 et
512 4165 653 4234 bannitos;
666 4161 741 4235 quod
754 4161 863 4217 minime
876 4162 980 4216 efficere
991 4171 1138 4235 potueruut
1140 4198 1257 4217 .......
1300 4163 1335 4214 66

258 4290 418 4348 Cumana
430 4308 503 4345 nxrv.
517 4320 552 4334 -
560 4286 707 4360 Quomodo
716 4286 842 4342 domiuus
848 4286 1024 4361 Traiecteusis
1033 4284 1264 4360 posuitprnsidia
