2946 5070
205 460 263 517 220
625 451 835 524 nomeu,

205 586 314 671 nobis⁵
325 584 490 685 quidem,
506 583 569 656 sed
584 583 651 681 ipsi
672 608 738 655 suo
755 582 864 655 unico
881 606 1075 678 germano,
1094 584 1275 685 iidemque

205 717 379 777 sacratam
395 700 588 796 infringere
598 714 638 795 -et
654 697 881 797 abrumpere.
983 768 987 773 .

255 819 420 910 Tentavit
426 816 559 915 quippe
570 814 667 886 idem
682 816 848 913 princeps
858 816 1017 913 optimus
1027 815 1187 911 efficere,
1203 844 1273 893 nou

206 938 316 1009 semel
333 950 492 1026 tantum,
511 931 576 1004 sed-
591 931 741 1030 pluries,
765 957 847 1004 cum
869 945 952 1029 post
966 931 1102 1005 dictam
1119 936 1275 1024 reconci-¹

205 1053 390 1129 liationem
410 1065 446 1123 et
464 1048 598 1123 soedera
612 1049 763 1121 Turonis
779 1047 826 1121 ad
842 1050 981 1121 curiam
994 1049 1089 1146 regis
1104 1052 1272 1145 venisset,

207 1182 425 1266 omnemque
452 1166 499 1238 ad
526 1166 598 1241 hoc
623 1180 794 1237 conatum
822 1164 1060 1275 sipoerissima
1089 1162 1274 1240 affectione

207 1285 381 1384 impendit
397 1299 437 1355 ut
452 1308 519 1354 nos
534 1306 595 1353 rex
611 1280 825 1377 adgratiatn
840 1281 1028 1379 reciperet,
1044 1296 1083 1354 et
1097 1284 1274 1380 potiundo

207 1402 314 1475 rebus
333 1401 475 1490 nostris,
495 1392 702 1499 integraque
719 1398 827 1471 nobis
840 1398 1051 1472 earumdem
1069 1400 1161 1472 facta
1179 1402 1274 1473 resti·

207 1518 365 1607 tutione,
385 1518 422 1588 in
449 1515 596 1588 ecclesia
618 1529 742 1592 nostra
763 1515 819 1586 vel
844 1513 949 1606 olibi,
969 1514 1033 1586 ubi
1051 1515 1161 1588 nobis
1180 1518 1275 1590 colli·

207 1635 357 1727 buisset,
382 1634 483 1730 juxte
512 1631 653 1704 foederis
674 1646 710 1702 et
734 1645 923 1729 pactorum
949 1630 1098 1721 seriem,
1124 1632 1273 1709 residere

207 1750 318 1824 libere
330 1751 471 1839 liceret;
485 1748 636 1845 fecitque
650 1747 726 1844 ejus
735 1748 787 1823 rei
794 1748 903 1843 gratia
912 1746 1032 1834 afferri
1043 1747 1273 1849 exhiberique

207 1883 244 1942 et
256 1869 328 1965 legi
339 1881 421 1940 ante
434 1890 558 1962 regem
570 1848 709 1936 litteras
718 1877 959 1962 pactorumct
973 1860 1120 1936 soederis
1135 1866 1229 1938 inter
1239 1893 1273 1940 se

207 1986 392 2077 initorum,
410 2009 492 2082 quae
512 1981 648 2071 omnia,
667 2006 747 2078 quae
764 1979 951 2079 poscebat,
970 1978 1049 2052 fieri
1065 1980 1201 2055 debere
1217 2006 1275 2056 er*

208 2102 425 2202 pressissime
449 2097 695 2172 continebant.
725 2101 912 2175 lit-tamen
941 2123 1021 2190 rex,
1050 2114 1172 2197 spreta
1195 2126 1275 2200 pm·

208 2220 315 2290 missa
336 2216 406 2289 tide
424 2230 460 2289 et
477 2216 638 2312 neglecta
649 2213 883 2310 jurisjurandi
897 2213 1071 2310 religione
1090 2217 1275 2289 solemnis·

208 2335 297 2406 sime
308 2333 542 2431 asepraestiti‚
554 2331 769 2429 contemptis
779 2331 918 2428 scriptis
927 2331 1000 2403 suis
1010 2349 1126 2404 manu
1134 2333 1279 2432 propria

208 2463 244 2521 et
256 2449 377 2545 sigillis
393 2448 465 2518 suis
482 2448 620 2544 magnis
637 2445 826 2537 roboratis,
841 2446 941 2544 quod
953 2472 1022 2544 pro
1036 2447 1146 2521 nobis
1161 2463 1277 2548 postu·

208 2563 361 2656 labatur,
375 2563 504 2635 immiti
519 2577 625 2660 atque
638 2563 810 2664 pertinaci
820 2563 943 2635 animo
957 2561 1073 2636 iacere
1090 2567 1273 2639 recusavit.

207 2677 492 2772 Tantummodo,
510 2704 595 2750 cum
611 2678 724 2750 multe
741 2677 809 2749 sibi
827 2677 873 2750 de
892 2676 998 2750 nobis
1015 2681 1145 2753 merita
1162 2683 1213 2777 (et
1228 2681 1275 2754 sa·

207 2798 274 2870 cile
298 2820 405 2896 supra
430 2820 539 2892 quam
561 2796 597 2870 in
611 2794 720 2893 ¹nobis
742 2796 809 2889 est)
827 2793 923 2866 idem
944 2796 1115 2895 princeps
1136 2798 1277 2871 referret

208 2929 316 3011 atque
332 2926 515 3005 assereret,
533 2927 574 2984 nt
586 2912 747 2989 animum
761 2912 872 3009 ipsius
887 2927 1024 2984 trucem
1039 2938 1082 2999 ac
1096 2940 1231 2988 saevum
1241 2916 1276 2988 in

209 3055 276 3102 nos
287 3029 334 3102 ad
348 3029 575 3106 clementiam
588 3028 794 3117 inflecteret,
809 3027 856 3100 ab
869 3052 914 3099 oo
926 3028 998 3101 hoc
1011 3033 1277 3128 gratiaemunus

209 3145 406 3243 exprimere
430 3170 490 3217 sen
519 3160 729 3240 extorquere
750 3146 887 3243 potuit,
918 3159 957 3215 ut
980 3171 1042 3217 rex
1064 3133 1144 3220 baec
1172 3149 1277 3222 verba

209 3257 277 3331 sibi
294 3259 392 3330 velut
407 3284 473 3358 pro
496 3260 631 3355 ingenti
648 3284 818 3333 concesso
836 3259 941 3333 nobis
956 3260 1137 3337 beneficio
1155 3264 1277 3338 redde·

208 3390 264 3449 ret
282 3402 290 3446 ε
314 3405 331 3440 «
351 3378 402 3444 Ex
420 3401 493 3471 quo
515 3405 533 3444 n
558 3377 675 3474 inquit
697 3408 714 3441 «
733 3377 829 3475 ipse,
848 3402 915 3476 pm
941 3403 1014 3476 quo
1036 3393 1155 3455 tantas
1174 3382 1277 3455 nobis

208 3515 330 3589 preces
349 3491 508 3586 funditis,
529 3508 581 3565 est
597 3495 652 3565 vir
668 3509 849 3566 tantorum
867 3496 1089 3591 meritorum,
1111 3500 1276 3573 concedi·

209 3633 290 3681 mus
302 3609 334 3678 ei
347 3608 448 3707 qnod
458 3611 650 3709 prospiciat
661 3610 749 3682 dum
765 3611 905 3683 vacabit
918 3612 955 3683 in
971 3616 1088 3710 patria
1104 3619 1275 3689 Occitana

209 3724 263 3796 vel
279 3725 526 3824 adjacentibus
547 3728 648 3798 terris
664 3728 783 3825 aliqua
800 3728 961 3821 ecclesia,
985 3754 1088 3825 aeque
1106 3731 1207 3807 bona
1222 3731 1274 3805 vel

207 3843 313 3916 etiam
336 3843 481 3915 uberior
501 3842 869 3942 proventibusquam
889 3869 953 3919 sua
974 3849 1223 3939 lexoviensis3
1241 3864 1274 3921 et

207 3961 448 4057 promittimus
472 3957 588 4033 iacere
613 3960 713 4057 quod
734 3985 814 4035 eam
834 3958 1024 4055 obtinebit.
1055 3964 1167 4052 Quod
1191 3990 1273 4038 vero

210 4076 460 4148 [croviensem
485 4076 636 4150 retineat
656 4091 719 4150 aut
744 4074 781 4148 in
808 4101 851 4149 ea
875 4076 1044 4169 resideat,
1071 4078 1273 4181 nullatenus

208 4190 397 4288 patiemur.
421 4224 438 4258 s
476 4187 480 4194 '
