2946 5070
590 454 699 508 LIBER
720 453 908 511 SEPTIMUS.
1215 462 1272 516 189

214 583 347 673 noluit,
366 583 421 653 vel
445 583 591 654 minime
616 607 722 654 ausus
744 583 825 674 luit3
846 609 988 679 verum,
1007 601 1111 685 pacta
1133 603 1270 686 treuga,

212 697 613 801 cumtssurgundionum
638 700 809 771 exercitus
835 701 927 773 lame
947 727 1138 811 rerumque
1154 731 1274 779 neces·

211 815 384 886 sariarum
408 815 529 912 inopia
557 839 657 912 paene
677 814 865 907 deficeret,
895 818 1045 892 intactos
1070 818 1168 893 abire
1195 848 1274 922 per·

211 930 334 1000 misit¹.

564 1228 816 1295 CAPlTULUll
846 1229 921 1295 XV.

466 1429 504 1478 De
517 1427 688 1499 eleemosynis
703 1427 784 1499 ipsius
795 1440 821 1481 et
835 1428 1023 1483 oblationibus.

256 1606 326 1677 Sed
339 1607 509 1702 quoniam
522 1606 623 1677 multi
634 1623 865 1679 assentatores
877 1610 930 1679 sui
941 1608 1139 1683 oblationes
1150 1628 1186 1684 et
1197 1639 1271 1685 mu·

207 1720 403 1794 nificentias
427 1722 502 1817 ejus
524 1725 560 1793 in
580 1723 770 1794 nonnullas
794 1722 922 1795 domos
940 1728 1163 1799 orationum¹
1178 1731 1270 1801 mul·

208 1851 283 1908 tum
300 1839 485 1930 extollunt,
506 1840 721 1931 intueamur,
740 1840 767 1909 si
782 1838 910 1936 placet,
931 1840 995 1939 [in]
1010 1858 1180 1939 quantam
1195 1845 1267 1918 lau·

205 1952 289 2025 dem
306 1971 412 2051 atque
425 1954 693 2026 aestimationem
707 1954 790 2025 duci
805 1972 1020 2028 mereantur.
1039 1962 1106 2031 Eas
1123 1961 1269 2058 quidem

206 2093 289 2140 cum
307 2071 390 2168 ipsis
406 2069 650 2160 laudaremus,
675 2070 703 2140 si
720 2095 762 2141 ex
779 2072 923 2143 caritate
949 2087 985 2144 et
1004 2075 1069 2145 Dei
1086 2099 1208 2148 amore
1224 2077 1268 2150 de

204 2186 351 2282 proprio
366 2183 451 2257 lisco
468 2200 503 2256 et
520 2185 736 2283 patrimonio
754 2209 813 2257 eas
828 2186 975 2280 fecisset,
989 2202 1025 2260 et
1037 2190 1086 2259 sic
1098 2190 1268 2264 virtutum

204 2325 247 2374 ac
266 2303 445 2400 sapientiae
473 2318 668 2374 amatorem
685 2301 896 2401 justitiaeque
927 2306 1079 2377 maxime
1109 2331 1146 2377 se
1171 2308 1268 2380 exhi·

204 2417 337 2490 buisset
351 2420 537 2491 cultorem.
558 2419 627 2492 Sed
643 2444 726 2491 cum
742 2423 902 2518 pessimis
919 2421 1080 2494 moribus
1097 2426 1267 2522 omnique

202 2536 377 2632 repletum
402 2535 586 2632 iniquitate
615 2550 721 2631 atque
747 2536 839 2608 dolis
865 2561 903 2609 se
935 2537 1146 2630 ostenderit,
1178 2566 1267 2636 quo-

203 2651 314 2723 modo
339 2651 434 2750 apud
466 2655 581 2723 Deum
610 2650 808 2747 oblationes
836 2653 913 2724 talis
937 2654 1002 2723 viri
1033 2655 1266 2751 acceptabiles

201 2793 277 2839 esse
294 2781 507 2864 potuerunt,
533 2793 616 2839 cum
638 2769 783 2866 Sapiens
804 2768 841 2837 iu
863 2769 934 2838 suis
957 2767 1156 2851 Proverbiis
1180 2770 1266 2843 dicit

202 2884 319 2981 quod,
350 2884 536 2969 avictimae
564 2885 755 2981 impiomm
780 2882 1040 2954 abominabiles
1066 2899 1150 2954 sunt
1168 2887 1264 2983 apud

202 3004 336 3092 Deum3
358 3015 440 3072 vota
451 3001 626 3095 justorum
647 2999 853 3096 placabilia,
877 3027 894 3066 n
913 3001 1001 3071 etin
1020 2999 1262 3073 Ecclesiastico
1333 3032 1336 3037 ·

202 3120 371 3217 scriptum
395 3108 439 3189 sit
455 3117 554 3216 quod
573 3148 590 3186 n
611 3117 708 3189 dona
730 3118 935 3213 iniquorum
954 3141 1029 3188 non
1046 3115 1175 3213 probat
1188 3121 1262 3188 Do·

201 3236 336 3324 minus,
361 3259 427 3307 nec
449 3235 591 3332 respicit
612 3235 649 3304 in
671 3232 870 3304 oblationes
892 3232 1120 3327 iniquorum3
1140 3260 1157 3299 n
1185 3259 1261 3302 rur-

201 3372 279 3416 sum
305 3370 388 3417 cum
415 3346 584 3444 scriptum
611 3347 677 3416 sit:
714 3348 899 3413 «Honora
927 3341 1118 3413 dominum
1146 3346 1260 3415 Deum

201 3474 302 3530 tuum
319 3460 363 3530 de
380 3474 440 3530 tua
453 3457 662 3549 substantia,
678 3472 712 3528 et
728 3456 772 3527 de
788 3456 950 3554 primitiis
966 3455 1104 3550 frugum
1119 3470 1259 3528 tuarum

200 3576 246 3648 da
258 3576 499 3676 pauperibus?
512 3606 529 3643 u
549 3576 679 3662 Quales
695 3575 926 3669 eleemosynae
943 3587 978 3643 et
993 3570 1206 3662 oblationes,
1225 3589 1259 3643 et

199 3717 305 3788 quam
328 3694 514 3764 meritoriae
531 3717 604 3762 esse
621 3703 814 3788 potuerunt
835 3693 980 3783 Deoque
1004 3686 1256 3785 acceptabiles,

199 3827 276 3900 quae
301 3828 374 3874 non
405 3803 550 3876 aliunde
576 3827 684 3899 quarn
710 3801 754 3873 de
784 3800 934 3897 rapinis,
963 3796 1257 3871 concussionibus

199 3919 454 4016 calumniisque
479 3933 515 3990 et
542 3918 713 4012 sanguine
739 3937 936 4014 pauperum
962 3912 1061 3986 lactae
1079 3937 1144 4011 per
1172 3937 1255 3983 eum

239 4123 267 4172 t.
291 4117 362 4190 Voy.
382 4127 402 4175 t.
419 4117 461 4185 11,
477 4133 506 4191 p.
524 4115 592 4171 etc.

239 4210 267 4266 ὲ.
290 4210 344 4267 tus.
360 4208 527 4266 arationum.
