2946 5070
218 469 276 527 lbss
490 463 751 524 ntstotuatttttt
770 465 950 526 Lumvtct
968 465 1012 523 XI

217 597 442 670 conditiones
467 596 627 691 gratiosae
656 597 951 669 concederentur.
980 600 1025 668 Et
1052 621 1114 669 eas
1138 599 1278 694 quidem

217 710 510 786 clementissimus
544 713 710 812 princeps
753 714 949 806 concessit3
992 712 1123 809 adjecit
1166 727 1278 786 tamen

217 831 336 926 aliqua
350 828 443 900 tdtra
460 827 553 922 haec,
570 854 648 926 quae
662 831 757 902 cives
772 830 927 929 perferre
943 854 1055 903 onera
1070 855 1113 902 ac
1133 831 1280 906 tolerare

219 945 404 1018 deberent.

267 1067 353 1150 Quae
378 1086 461 1132 cum
482 1086 557 1133 non
576 1060 671 1133 sactu
693 1059 851 1135 difficilia
874 1084 940 1134 nec
959 1060 1051 1134 dura
1067 1063 1222 1135 nimium
1236 1064 1282 1137 eis

217 1181 434 1271 viderentur,
458 1203 501 1253 ea
521 1204 558 1251 se
582 1180 792 1278 impleturos
813 1179 1109 1279 spoponderunt,
1128 1196 1165 1252 et
1186 1182 1282 1280 quasi

217 1324 292 1370 non
327 1295 549 1393 ambigerent
582 1296 628 1370 de
659 1320 838 1369 consensu
862 1295 1016 1390 civium,
1041 1320 1085 1368 ea
1112 1298 1282 1397 principi¹

217 1427 443 1502 annuerunt,
471 1437 508 1483 se
523 1410 633 1485 vades
650 1436 712 1483 seu
728 1409 873 1484 obsides
890 1426 1038 1511 propter
1058 1411 1131 1484 hoc
1155 1412 1282 1485 consti·

218 1529 366 1603 tuendo.
401 1525 523 1603 Noluit
557 1542 679 1601 tamen
708 1527 785 1626 ipse
821 1526 990 1620 dominus
1033 1525 1080 1600 de
1113 1530 1284 1627 Montsort

217 1646 362 1743 adjectis
383 1669 448 1743 per
470 1643 600 1715 ducem
622 1641 720 1715 hisce
740 1641 911 1716 oneribus
937 1639 1100 1714 absolute
1123 1657 1283 1742 prestare

217 1788 426 1856 assensum,
445 1760 509 1833 sed
527 1759 656 1833 reverti
680 1757 727 1831 ad
753 1759 931 1833 civitatem
954 1758 1068 1832 v'oluit
1088 1773 1131 1833 ut
1155 1760 1283 1834 civium

216 1903 323 1978 super
351 1877 408 1950 bis
430 1877 620 1950 consilium
653 1889 760 1972 atque
796 1899 1012 1949 consensum
1046 1875 1277 1973 exquireret:

217 1994 317 2094 quod
343 1994 411 2069 sibi
435 2020 480 2068 ex
506 1994 659 2094 praestita
677 1991 746 2066 sibi
769 1993 856 2066 salvi
879 1992 1079 2067 conductus
1098 1994 1280 2071 securitate

218 2111 363 2185 licebat.
1139 2129 1148 2147 ·

268 2227 462 2301 Putabamr
482 2243 568 2300 tunc
588 2226 699 2301 lerme
717 2252 740 2300 a
760 2227 918 2320 cunctis,
941 2241 977 2301 et
998 2227 1048 2300 ita
1070 2225 1168 2301 mma
1189 2253 1281 2305 cnm·

218 2347 337 2418 munis
364 2345 553 2434 volitabat,
580 2345 801 2418 deditionem
831 2344 982 2417 civitatis
1011 2358 1048 2417 et
1073 2369 1202 2444 pacem
1229 2344 1281 2419 lir-

218 2486 314 2535 mam
331 2461 557 2536 lactamesse.
573 2461 643 2533 Sed
658 2460 854 2534 cumidem
869 2459 1095 2533 dominusde
1112 2464 1284 2561 Monesen

218 2578 396 2649 civitatem
414 2577 535 2649 luisset
552 2578 747 2672 ingressus,
765 2579 884 2650 statim
901 2602 943 2648 ex
957 2576 1132 2677 abrupt0‚
1151 2577 1281 2678 absque

219 2693 389 2767 mandato
406 2707 441 2764 et
458 2691 685 2765 ordinatione
702 2692 823 2784 ducis,
843 2694 880 2765 in
897 2717 941 2775 ea
955 2708 1057 2793 parte
1074 2719 1148 2791 qua
1163 2695 1280 2769 elisac-

219 2825 275 2882 tus
299 2810 412 2883 luerat
440 2834 582 2902 murus,
612 2810 740 2882 milites
769 2810 856 2882 certi
878 2834 921 2881 ex
949 2810 1022 2883 suis
1045 2811 1219 2885 insultum
1239 2810 1280 2886 ad

219 2927 398 2999 civitatem
423 2927 537 2999 facere
561 2924 787 3005 inchoarunt.
821 2925 960 3012 Quibus
986 2951 1070 2998 cum
1101 2951 1124 2999 a
1150 2926 1281 3003 civibus

219 3057 254 3114 et
270 3043 440 3134 rutheris‚
458 3044 519 3141 qui
533 3044 628 3114 intro
640 3056 758 3135 erant,
776 3043 973 3116 resistentia
986 3042 1128 3139 objecta
1143 3044 1279 3135 suisset,

219 3174 254 3230 et
276 3185 332 3231 res
361 3158 608 3257 hujuscemodi
638 3173 769 3230 temere
795 3173 965 3233 attentata
991 3160 1038 3233 ad
1063 3160 1166 3235 ducis
1193 3163 1281 3235 noti·

220 3277 306 3349 tiam
329 3277 482 3374 perlata,
511 3274 558 3348 ad
584 3274 852 3374 prohibendum
878 3276 1048 3349 insultum
1070 3279 1145 3377 ipse
1166 3282 1280 3353 statim

220 3393 372 3465 accurrit
398 3392 571 3489 jussitque
598 3391 726 3462 milites
758 3386 805 3464 ab
837 3391 980 3491 incepto
1011 3418 1148 3468 cessare
1178 3413 1281 3496 atque

220 3508 414 3581 discedere.
450 3514 571 3581 Unum
606 3532 751 3606 quoque
785 3522 847 3579 aut
873 3508 966 3582 duos
998 3536 1110 3584 manu
1138 3516 1281 3614 propria

220 3626 409 3723 peremisse
425 3624 617 3717 serebatur,
633 3639 670 3697 et
686 3625 836 3700 totidem
851 3625 1014 3724 patibulo
1030 3627 1126 3725 affigi
1146 3632 1277 3707 secisse.

269 3739 339 3812 Sed
367 3740 600 3813 nihilominus
627 3767 670 3813 ex
691 3740 782 3829 hoc,
808 3766 886 3839 quae
912 3743 1004 3818 sacta
1033 3744 1139 3842 luisse
1161 3747 1280 3823 crede

219 3857 345 3946 batur,
381 3881 449 3956 pax
476 3856 568 3929 adeo
599 3856 739 3930 turbata
769 3856 850 3947 luit,
882 3860 1027 3957 praelato
1057 3861 1209 3935 domino
1238 3861 1280 3934 de

221 3976 399 4070 Montsort
413 3973 619 4046 minimead
632 3973 762 4045 ducem
772 3954 974 4067 'tevertente‘
981 4020 990 4067 ,
1009 3974 1073 4049 sed
1090 3976 1129 4051 in
1143 3978 1280 4054 civitate

259 4208 290 4268 l.
312 4209 367 4267 its.
377 4212 537 4282 principia.
