2946 5070
615 479 725 537 menn
745 478 895 537 PRIMUS.

513 776 516 781 ’
574 761 828 833 CAPITULUM
854 767 928 834 XX.

218 955 258 1009 De
269 957 321 1012 elin
333 958 486 1031 gravissima
498 962 638 1033 calamia,
649 976 675 1018 et
682 963 876 1019 interventione
887 964 964 1020 ducit
972 967 1120 1039 Aquitania
1131 987 1182 1042 pro
1192 971 1281 1026 nobit.
1319 1004 1322 1011 ·

245 1149 336 1235 ·Qui
359 1148 564 1221 etiam'ausi
588 1162 671 1219 sunt
695 1148 803 1220 talem
823 1149 860 1219 in
890 1173 958 1221 nos
980 1151 1198 1224 concinnere
1224 1177 1283 1227 ca·

215 1262 403 1358 lumniam,
418 1290 500 1336 cnm
514 1289 579 1363 per
592 1289 712 1361 regem
724 1264 938 1363 apprehensi
951 1279 986 1338 et
998 1265 1036 1336 in
1048 1265 1279 1346 deterrimum

215 1404 393 1453 carcerem
407 1381 540 1452 detrusi
555 1380 717 1452 fuissent¹
733 1392 817 1485 suns
830 1380 1019 1455 cardinalis
1030 1372 1157 1478 Balue,
1171 1410 1279 1483 quem

214 1498 322 1596 paulo
352 1513 434 1572 ante
459 1522 630 1594 magnum
655 1512 691 1568 et
713 1499 932 1604 praecipuum
958 1500 1114 1572 amicum
1137 1500 1279 1600 publice

213 1614 390 1712 appellare
416 1613 569 1715 solebat,
600 1604 746 1710 ejusque
770 1608 1119 1714 satelles'episcopus
1151 1616 1278 1689 Virdu·

212 1731 359 1824 nensis¹,
375 1730 475 1828 quod
488 1752 721 1825 quaecumque
732 1728 946 1827 proditionis
954 1755 1017 1805 seu
1030 1730 1205 1826 veneficii,
1224 1735 1278 1807 vel

211 1846 285 1919 doli
303 1847 504 1944 malintque
520 1843 666 1946 nefandi
678 1844 716 1914 in
731 1869 851 1940 regem
866 1844 923 1917 vel
939 1846 1133 1919 machinati
1146 1864 1274 1944 essent,

210 1964 267 2036 vel
286 1989 324 2036 se
344 1965 580 2037 intentaturos
605 1962 860 2057 excogitassent
883 1962 966 2060 (pro
989 1988 1145 2067 quorum
1165 1967 1277 2064 suspi-

209 2081 313 2152 cione
325 2081 517 2152 criminum
529 2080 623 2179 capti
633 2094 671 2173 et,
679 2078 892 2178 deprehensi
905 2079 1137 2180 serebantur),
1153 2084 1276 2159 omnia

208 2194 313 2268 nohis
345 2194 571 2288 auctoribus,
605 2193 854 2267 inventoribus
886 2210 992 2292 atque
1031 2197 1275 2271 incentoribus

207 2312 436 2408 peregissent.
456 2312 568 2409 ldque
585 2297 798 2408 gravissime
814 2326 850 2383 et
866 2311 1125 2413 nefandissimae
1142 2304 1275 2389 calum·

208 2427 273 2499 niae
290 2444 537 2500 commentum
559 2429 608 2500 ita
626 2427 727 2527 impii
748 2428 914 2500 homines
937 2429 1041 2526 regiis
1058 2429 1205 2503 auribus
1222 2433 1274 2503 in·

206 2543 408 2635 calcarunt,
432 2559 473 2618 ut
489 2545 536 2619 ad
555 2544 664 2616 fidem
680 2545 731 2616 eis
750 2543 956 2621 habendam
975 2544 1152 2619 adductus
1169 2548 1274 2621 fuisse

206 2646 265 2730 rer
282 2660 477 2758 aliquando
491 2661 667 2735 videatur.
688 2665 777 2733 Nam
795 2686 879 2732 cum
897 2661 1056 2735 secunda
1071 2664 1148 2735 vice
1164 2664 1202 2735 in
1221 2664 1272 2737 fa·

206 2799 329 2847 vorem
354 2777 467 2848 nostri
500 2776 753 2849 illustrissimus
781 2776 1079 2874 Burgundionum
1105 2777 1179 2850 dux
1207 2805 1273 2879 per

204 2917 310 2965 suum
325 2894 577 2991 secretarium,¹
588 2920 655 2992 pro
669 2891 775 2965 nobis
791 2893 1018 2987 clementiam
1031 2894 1106 2990 ejus
1121 2919 1272 2969 exorans

202 3025 309 3109 atque
325 3013 540 3112 imprecans,
558 3010 762 3108 scripsisset,
780 3010 934 3081 irritatus
949 3010 1049 3106 quod
1064 3010 1174 3103 altera
1190 3029 1271 3111 post

202 3127 360 3224 priorem
373 3129 451 3200 vice
467 3150 590 3225 preces
606 3150 674 3224 pro
691 3125 796 3197 nobis
809 3125 951 3214 iaceret,
969 3124 1059 3223 dixit
1070 3140 1109 3221 et
1126 3126 1270 3227 publice

202 3241 238 3313 in
265 3243 340 3315 hec
364 3241 656 3341 verbaprorupit
679 3270 696 3308 tt
717 3240 817 3338 qnod
839 3264 1026 3337 nunquam
1049 3240 1156 3313 nobis
1177 3243 1214 3314 in
1231 3270 1268 3318 se

201 3358 355 3433 admissa
379 3360 578 3457 indulgeret
601 3384 664 3431 seu
692 3357 933 3450 condonaret,
958 3383 1002 3429 eo
1020 3358 1120 3454 quod
1136 3359 1174 3431 in
1192 3360 1267 3457 ejus

202 3500 327 3548 necem
360 3477 551 3550 machinati
571 3474 783 3575 ¹fuissemus,
805 3505 822 3540 »
853 3472 1160 3573 quemadmodum
1191 3477 1265 3579 ipse

199 3592 425 3683 secretarius,
452 3617 519 3690 pro
549 3589 655 3662 nobis
682 3589 830 3680 missus,
856 3588 1003 3686 prelato
1029 3591 1264 3669 illustrissimo

200 3707 282 3781 duci
300 3708 429 3799 retulit,
448 3721 554 3804 atque
572 3708 679 3780 etiam
695 3705 814 3797 nobis,
831 3730 868 3777 se
886 3704 932 3779 ab
950 3730 995 3778 eo
1011 3708 1177 3785 audiisse.

240 3806 334 3915 'Quae
347 3825 510 3926 ¹profecto
533 3825 731 3913 calumnie,
757 3823 922 3896 omnium
948 3824 1166 3920 gravissima,
1188 3851 1262 3899 non

221 4036 267 4187 d.
289 4034 482 4205 dividiae
490 4122 620 4196 Verdun,
634 4121 798 4183 Guillaume
810 4123 848 4183 de
861 4128 1055 4186 Hareueourt.
1067 4128 1163 4205 Voyez
1173 4127 1260 4189 l'flis·

196 4220 321 4282 toiredn
337 4222 427 4301 regne
439 4220 478 4283 de
490 4219 647 4291 henim,
662 4228 683 4279 t.
698 4220 739 4291 11,
753 4236 785 4296 p.
799 4220 870 4279 ert.
1143 4264 1160 4299 ,
