2946 5070
196 441 254 500 aaa
620 434 824 508 immori,

201 571 258 644 bis
276 571 355 667 qui,
379 569 425 641 de
450 566 584 640 eisdem
609 565 754 657 confisi,
782 567 829 639 ad
853 569 1003 663 gratiam
1020 595 1125 642 suam
1154 589 1256 671 atque

201 687 441 783 obedientiam
454 683 644 772 redierant,
659 707 785 781 pinnas
793 708 979 781 reposcere
990 685 1180 782 debuerat,
1195 716 1258 762 nec

199 830 221 877 a
247 829 284 875 sc
310 803 531 874 condonatas
555 815 590 871 et
616 825 762 900 prorsus
789 814 967 899 perpetuae
995 802 1193 898 oblivioni,
1223 824 1260 879 ut

197 918 452 1020 promittebat,
473 914 675 1005 habendas,
701 939 946 1013 quascumque
964 917 1078 990 verbo
1093 921 1153 992 vel
1170 922 1260 996 facto

88 1103 95 1118 ,
199 1038 237 1108 in
256 1063 338 1109 curn
356 1034 525 1108 admissas
541 1032 686 1129 injurias
708 1033 746 1103 in
763 1033 937 1106 ultionem
958 1034 1140 1110 adducere
1155 1056 1262 1139 atque

199 1151 377 1226 revocare.
1317 1236 1320 1241 ,

247 1274 418 1342 Tacemus
447 1267 598 1357 referre,
636 1282 832 1366 antequam
862 1268 1110 1366 hujuscemodi
1143 1273 1263 1346 civiles

200 1385 422 1457 emersissent
449 1382 702 1474 dissensiones,
730 1383 871 1479 qualem
901 1386 1161 1482 promissorum
1185 1403 1264 1460 eta

201 1527 238 1574 se
257 1502 407 1573 solemni
428 1515 649 1572 sacramento
666 1501 790 1598 sapius
804 1499 1027 1577 firmatorum
1046 1501 1171 1595 fidem,
1191 1529 1263 1576 non

203 1617 265 1691 uni
284 1615 509 1687 subditorum
532 1616 587 1686 vel
604 1615 881 1713 provinciarum,
902 1614 965 1686 sed
981 1615 1153 1688 omnibus
1173 1618 1264 1690 illius

203 1732 413 1805 nobilissimi
436 1732 535 1829 regni
553 1730 703 1803 subditis
718 1746 754 1802 et
770 1731 917 1811 statibus
938 1731 1161 1825 exhibuerit,
1178 1758 1265 1831 quo-

204 1848 314 1922 modo
331 1874 456 1921 eorum
472 1849 554 1945 jura
576 1863 682 1945 atque
695 1846 874 1920 libertates
889 1850 1152 1921 conservaverit
1158 1876 1169 1935 3
1190 1873 1264 1945 quae

205 1981 324 2038 tamen
352 1981 387 2038 et
408 1966 580 2037 universis
605 1980 641 2035 et
664 1965 810 2062 singulis
837 1979 1135 2038 conservaturum
1156 1990 1194 2036 se
1212 1989 1265 2036 so·

204 2081 313 2155 lemni
326 2083 537 2180 promiserat
552 2097 797 2174 sacramento,
817 2083 1027 2181 priusquam
1045 2107 1066 2154 a
1082 2106 1264 2180 quoquam

205 2199 465 2293 regnicolarum
488 2196 697 2269 obedientiae
716 2214 777 2270 aut
798 2197 974 2272 fidelitatis
991 2200 1265 2298 promissionem

206 2315 362 2410 aliquam
381 2314 600 2410 recepisset¹.
621 2314 708 2385 lnde
729 2315 825 2386 enim
843 2316 1006 2387 omnium
1027 2313 1215 2388 turbarum
1232 2324 1266 2387 et

206 2429 363 2500 civilium
380 2427 639 2501 discordiarum
661 2433 817 2504 manavit
838 2434 991 2505 occasio.
1098 2492 1105 2519 ,

257 2545 327 2616 Sed
350 2546 395 2617 de
416 2545 473 2615 his
488 2546 591 2617 latius
612 2547 780 2620 disserere
800 2550 855 2620 vel
877 2548 1006 2622 referre
1029 2575 1105 2621 non
1129 2567 1181 2623 est
1196 2578 1266 2623 sus-

208 2663 300 2762 cepti
315 2664 351 2733 in
368 2663 634 2760 prasentianrm
651 2666 789 2764 operis:
806 2664 904 2737 aliud
918 2667 1015 2738 enim
1027 2670 1185 2767 propriae
1198 2669 1268 2741 edi·

208 2780 316 2850 tionis
331 2804 421 2876 opus
434 2780 605 2875 exigeret;
621 2805 746 2852 verum
760 2780 832 2854 hoc
847 2807 913 2881 pro
926 2797 1027 2854 tanto
1043 2782 1267 2877 referendum

207 2896 244 2964 in
268 2895 340 2965 hoc
367 2920 475 2992 opere
498 2895 790 2986 existimavimus,
818 2912 857 2967 ut
882 2896 1096 2994 intelligatur
1114 2924 1266 2975 nosnon

210 3011 313 3104 regiae
330 3010 501 3106 majestati
524 3011 659 3107 injuriae
677 3012 874 3110 quidquam
896 3013 1032 3101 secisse,
1055 3015 1113 3085 vel
1132 3016 1170 3085 in
1190 3039 1267 3088 eam

212 3124 324 3221 (quod
341 3125 446 3222 absit)
462 3127 636 3200 ullatenus
660 3127 859 3225 deliquisse,
881 3155 942 3201 seu
958 3140 1037 3202 eain
1050 3128 1191 3218 laesisse,
1209 3129 1267 3202 sed

208 3242 488 3339 proscriptionis,
510 3246 641 3342 rapinae
658 3259 693 3316 et
711 3247 920 3344 direptionis
932 3247 1115 3351 bpnorum
1132 3262 1268 3318 nostro·

209 3382 289 3427 rum
313 3358 469 3455 aliasque
491 3360 718 3458 quamplures
741 3362 886 3459 injurias
910 3362 1137 3459 injustissime
1165 3379 1268 3461 atque

208 3473 450 3568 indignissime
463 3477 510 3548 ab
527 3501 570 3547 eo
587 3478 781 3576 pertulisse.

249 3698 278 3753 1.
301 3695 395 3770 Voyez
408 3693 564 3766 ci-dessus,
578 3716 609 3777 p.
626 3699 695 3755 181.
