2946 5070
333 441 398 525 ns
603 464 858 523 msrmrmun
878 466 1055 525 sonorior
1075 470 1118 527 xr

332 594 477 669 inferius
498 597 664 668 natum¹.
691 594 736 666 Hi
756 595 854 668 enim
871 608 908 667 et
924 596 1043 694 plures
1059 598 1163 691 mes,
1184 603 1287 702 apud
1310 627 1389 679 eum

333 712 518 783 calumniis
547 713 800 805 innocentum,
827 710 919 785 dolis
939 705 983 787 ac
999 714 1131 813 rapinis
1159 729 1279 791 tunm
1308 745 1391 819 opos

331 829 546 923 congessisse
571 825 789 922 serebantur,
812 852 892 927 quae
915 828 963 902 ad
988 829 1191 904 faciendum
1215 833 1391 933 stipendis

331 968 462 1040 magno
479 944 645 1017 exercitui
659 943 889 1019 suffecissent.
909 947 972 1019 His
984 947 1193 1021 consiliariis
1207 953 1392 1052 precipuis

332 1060 509 1153 utebatur,
535 1060 592 1132 his
617 1061 716 1155 regni
742 1059 982 1157 gubernamus
1006 1056 1281 1160 moderannum
1309 1071 1392 1146 uls

331 1173 497 1273 eligebat,
511 1175 597 1248 tales
609 1175 812 1251 honorabat
822 1176 1020 1272 ignominia
1029 1194 1066 1252 et
1078 1181 1212 1257 unum
1221 1184 1389 1282 replum

235 1356 240 1364 .
332 1317 487 1391 quorum
511 1316 555 1364 ex
582 1291 744 1391 moribus
768 1310 804 1366 et
827 1298 1097 1373 conversatione
1118 1299 1251 1398 conjici
1278 1317 1392 1400 potest

332 1409 454 1506 quales
478 1408 517 1480 in
544 1431 589 1481 eo
614 1407 761 1482 virium
784 1425 920 1504 essent,
942 1412 1007 1510 qui
1025 1412 1113 1487 tales
1130 1414 1169 1489 in
1194 1417 1392 1516 prmcipuos

332 1523 480 1599 haberet
496 1525 642 1599 amicos.

381 1648 453 1716 Nec
469 1643 616 1718 miretur
631 1642 758 1736 lector,
775 1643 806 1715 si
825 1657 899 1717 tam
915 1667 1038 1745 prava,
1059 1646 1183 1746 iniquo
1204 1661 1242 1723 ct
1257 1651 1389 1749 nrrpio,

332 1761 378 1834 de
395 1774 494 1833 tanto
518 1784 600 1856 rege
622 1758 859 1853 retulerimus,
882 1782 966 1835 cum
989 1787 1065 1837 non
1090 1762 1264 1839 adulandi
1288 1780 1392 1866 utque

330 1879 534 1955 naenundi
562 1878 699 1968 studio,
731 1877 946 1974 terrendique
979 1879 1240 1978 panegyricos*
1263 1882 1392 1957 lorium

332 2020 433 2069 more
463 1999 688 2089 Graecorum,
717 1994 898 2068 scribendi
921 2016 1057 2071 munus
1084 1995 1319 2096 officiumque
1344 2019 1393 2076 u·

332 2115 602 2212 sumpserimus,
619 2112 681 2185 sed
694 2113 839 2184 veridici
853 2112 1012 2185 relatoris
1024 2127 1060 2184 et
1074 2114 1234 2186 historici
1245 2118 1389 2189 veracis.

333 2233 423 2301 Num
448 2227 630 2319 libentius,
656 2221 734 2300 Deo
756 2243 861 2320 teste,
885 2228 924 2301 in
948 2227 1184 2331 describendo
1205 2230 1317 2328 ipsius
1340 2257 1392 2304 ms

332 2347 487 2418 virtuose
500 2354 612 2439 gestas
623 2358 659 2416 et
678 2345 782 2417 laude
799 2345 936 2441 dignus,
952 2345 982 2416 si
995 2344 1083 2416 tales
1097 2344 1143 2418 de
1154 2369 1204 2417 eo
1220 2347 1392 2422 invenisne

332 2476 368 2533 et
390 2460 613 2533 conscribere
633 2463 806 2534 veraciter
828 2461 1075 2561 potuissemus,
1100 2462 1216 2534 otium
1230 2474 1392 2537 nosturm

334 2576 565 2650 dedissemus.
593 2566 702 2666 Quod
722 2574 851 2675 siquis
878 2572 997 2650 forsan
1020 2569 1155 2648 tardior
1173 2592 1284 2677 atque
1307 2569 1392 2654 diiii·

333 2695 435 2767 cilior
449 2694 551 2768 fuerit
564 2693 612 2768 ad
623 2693 783 2768 dandum
794 2694 904 2769 fidem
915 2694 972 2768 his
987 2719 1064 2791 quae
1079 2695 1286 2793 scripsimus
1303 2696 1391 2794 (quae

334 2812 455 2907 utique
478 2811 574 2882 credi
605 2811 661 2883 vei
686 2836 761 2884 non
790 2790 888 2883 credi
912 2810 1123 2882 neminisse
1147 2825 1298 2902 cresse,
1320 2813 1391 2884 sine

334 2926 454 2999 salutis
472 2927 644 3025 periculo,
665 2927 834 3026 possunt)
853 2983 863 3019 ,
881 2926 969 2998 scint
990 2920 1138 3024 [quod],
1155 2941 1238 3023 post
1255 2930 1389 3023 tyranni

334 3039 487 3138 obitum,
513 3064 558 3117 ex
579 3043 804 3118 ordinatione
820 3066 1010 3145 procerum
1027 3042 1138 3139 regni,
1158 3042 1222 3138 qui
1237 3035 1391 3120 defuncti

335 3156 448 3232 filium
462 3161 608 3232 unicum
625 3161 662 3233 in
681 3184 802 3255 regem
814 3173 849 3230 et
862 3161 961 3254 regui
974 3157 1156 3231 haeredem
1165 3175 1392 3259 acceptarunt

335 3279 426 3372 (non
442 3277 588 3373 quidem
608 3277 657 3348 ob
675 3279 784 3376 patris
800 3275 956 3349 defuncti
977 3275 1320 3374 contemplationem
1334 3292 1392 3350 cut

333 3411 507 3485 amorem,
525 3392 588 3464 sed
602 3392 648 3465 ad
663 3391 851 3464 vitandum
863 3392 1102 3491 perniciosum
1117 3391 1273 3464 schisma
1288 3394 1328 3464 iu
1339 3411 1389 3466 re·

334 3530 419 3604 gno,
433 3508 532 3606 quod
546 3504 779 3580 verisimiliter
790 3511 820 3579 si
831 3532 888 3601 eo,
904 3500 967 3606 qui
980 3501 1149 3579 defuncto
1162 3508 1291 3580 unicus
1304 3501 1391 3582 filim

335 3798 377 3842 est
393 3785 475 3864 porte
493 3800 550 3840 nux
568 3782 675 3840 annees
698 3779 774 3840 ΜΒ
793 3795 821 3839 et
840 3781 918 3842 {1179
935 3796 1047 3842 comme
1061 3780 1188 3867 syantla
1202 3782 1293 3862 garde
1305 3778 1390 3863 parti·

333 3879 440 3938 culiere
449 3875 499 3934 des
513 3875 688 3955 prisonniers
701 3870 796 3934 dnus
806 3876 854 3954 qui
868 3873 973 3933 etaient
986 3870 1139 3935 cnchninis
1150 3876 1222 3936 dans
1233 3877 1261 3936 ie
1273 3877 1391 3936 charein

335 3972 370 4031 de
384 3974 474 4030 Tours
484 3988 555 4028 avec
567 3988 614 4027 ces
629 3968 757 4027 terribles
772 3968 940 4028 feriements
953 3973 1042 4048 qn‘on
1053 3958 1182 4049 ¹appelait
1195 3963 1237 4029 ies
1256 3990 1271 4024 c
1284 3963 1391 4031 stione

334 4064 373 4125 du
389 4066 430 4125 roi
449 4094 475 4124 s.
491 4063 624 4122 sibinen.
639 4066 675 4120 de
689 4054 794 4120 I'Bcole
807 4065 856 4121 des
869 4065 990 4135 chortes,
1006 4062 1081 4122 Ην
1094 4065 1140 4137 (3·
1153 4062 1262 4140 serie),
1275 4082 1306 4143 p.
1323 4059 1387 4124 878.

374 4164 403 4219 i.
426 4163 480 4219 ns.
497 4173 524 4217 et
537 4162 653 4237 quitiam
667 4158 876 4234 Stephanus...
892 4170 986 4218 nasus.

372 4256 402 4315 2.
426 4259 480 4314 ns.
495 4256 611 4312 texendi
624 4255 867 4331 panegirricsque.
