2946 5070
330 453 367 508 to
603 449 859 506 atstotttattttra
880 450 1055 508 nonovtcl
1078 450 1119 507 XI

329 579 463 650 nedum
484 591 674 672 aegrotum,
698 577 762 648 sed
783 592 966 650 mortuum
990 602 1065 650 esse
1084 579 1204 676 plures
1228 605 1384 654 susurra·

330 711 408 766 rent
435 709 471 766 et
500 693 663 765 clanculo
688 692 898 788 jactitarent.
924 698 1049 766 Postea
1076 709 1194 767 tamen
1227 720 1387 796 comper·

331 829 407 884 tum
419 829 471 884 est
482 836 607 885 omnes
619 810 864 908 hujuscemodi
881 836 1041 884 rumores
1057 812 1181 884 inanes
1196 827 1233 884 et
1244 815 1387 886 veritate

331 953 462 1000 vacuos
481 928 660 1000 exstitisse.
681 927 783 998 Nulla
799 928 894 998 enim
912 942 988 998 tum
1006 927 1213 1025 aegritudine
1229 930 1388 1026 corporis

330 1045 459 1116 dicitur
479 1042 707 1133 decubuisse,
728 1043 791 1114 sed
811 1043 857 1115 de
880 1044 1112 1117 instaurando
1134 1061 1169 1116 et
1187 1046 1388 1142 colligendo

331 1163 504 1252 exercitu,
537 1160 749 1256 tributisque
773 1160 1010 1252 immanibus,
1035 1186 1100 1259 per
1124 1186 1252 1234 omnes
1281 1178 1389 1234 terras

329 1278 474 1350 ditionis
494 1301 565 1350 suae
587 1275 814 1372 imponendis
832 1292 868 1348 et
884 1275 1062 1369 levandis,
1091 1277 1292 1373 cogitabat;
1313 1302 1389 1376 quae

329 1403 402 1460 tam
424 1387 573 1483 grandia
596 1387 669 1458 suis
693 1385 826 1481 ubique
846 1386 998 1458 subditis
1025 1388 1216 1485 imposuit,
1237 1403 1297 1478 ut,
1325 1414 1389 1488 pro

330 1524 393 1572 sua
416 1499 714 1597 viriliportione,
740 1498 867 1571 misera
891 1515 927 1570 et
951 1498 1072 1571 infelix
1098 1501 1318 1571 Normannia
1345 1501 1388 1573 ad

329 1617 549 1713 septingenta
565 1614 745 1710 sexaginta
755 1615 913 1711 quinque
926 1614 1037 1686 millia
1051 1613 1256 1686 francorum
1274 1629 1390 1689 taxata

331 1730 404 1802 lore
421 1733 609 1804 diceretur.
630 1735 720 1802 Cum
739 1745 858 1802 autem
874 1730 1016 1802 collatio
1034 1730 1267 1827 praecedentis
1283 1733 1389 1821 anni,

328 1849 430 1919 tertia
452 1863 552 1945 parte
573 1848 706 1938 minor,
732 1847 844 1918 multa
872 1846 981 1918 millia
1004 1844 1250 1921 habitatorum
1273 1848 1392 1946 patriae

327 1965 449 2063 inopia
465 1964 670 2062 profligasse
683 1963 767 2034 etin
781 1963 937 2034 diversas
954 1977 1063 2035 terras
1077 1977 1111 2034 et
1129 1987 1239 2059 regna
1251 1964 1392 2065 ejecisse

331 2104 373 2151 ac
389 2079 592 2178 dispersisse
617 2079 769 2169 dicatur,
794 2079 877 2150 satis
899 2080 1091 2175 conjectari
1112 2093 1230 2176 potest
1247 2080 1337 2178 quid
1354 2104 1393 2152 ac

330 2212 504 2291 quantum
526 2195 603 2267 haec
628 2194 792 2291 frequens
818 2195 961 2267 collatio
987 2195 1194 2268 calamitatis
1222 2196 1274 2267 illi
1291 2198 1393 2269 mise-

332 2311 453 2383 randoe
468 2312 661 2409 provincia
676 2311 843 2383 invehere
861 2312 1020 2383 similiter
1035 2310 1166 2410 posset.

381 2423 521 2494 Miserat
543 2422 705 2495 militiam
722 2447 783 2494 rex
799 2425 895 2521 ipse,
917 2424 966 2495 uti
989 2424 1163 2517 diximus,
1181 2427 1301 2498 statim
1317 2442 1395 2525 post

332 2533 397 2605 has
419 2548 559 2629 treugas
587 2536 752 2627 annales,
778 2537 917 2607 circiter
943 2537 1038 2608 mille
1063 2553 1099 2608 et
1125 2537 1299 2611 ducentas
1323 2540 1396 2612 lan·

335 2673 435 2741 eoas,
456 2650 517 2721 sed
535 2664 573 2721 ut
592 2652 785 2723 exercitum
802 2676 905 2723 suum
923 2652 968 2723 de
983 2653 1190 2749 alienigenis
1206 2655 1394 2747 sufficeret,

336 2780 418 2838 octo
438 2767 494 2838 vel
511 2768 634 2839 decem
658 2768 768 2840 millia
787 2770 1023 2861 Suitensium,
1042 2770 1089 2842 ad
1105 2795 1168 2842 sua
1188 2772 1398 2844 militaturos

337 2883 513 2980 stipendia
525 2942 534 2976 ,
546 2884 747 2957 advocavit.
767 2885 836 2972 Qui
854 2886 979 2983 poptdi
996 2886 1195 2984 Alpinates,
1214 2888 1302 2959 olim
1319 2888 1398 2959 Hel·

339 2998 420 3068 vetii
439 2998 625 3096 appellati,
644 2997 693 3070 ob
712 3023 801 3070 resa
818 3024 854 3068 se
874 3000 956 3070 satis
970 3024 1139 3097 prospere
1152 2999 1396 3098 bello-gestas,

339 3138 410 3208 prae
427 3116 559 3185 ceteris
576 3114 612 3185 in
630 3115 738 3186 armis
760 3116 892 3186 strenui
907 3130 993 3188 tunc
1009 3115 1221 3188 dicebantur
1237 3132 1274 3190 et
1289 3118 1400 3191 habe·

340 3227 483 3300 bantur.

684 3501 939 3571 CAPlTULUM
963 3503 1054 3571 XlV.

341 3711 487 3780 Quomodo
506 3731 562 3778 rex,
577 3732 637 3765 curn
656 3726 760 3784 treugas
773 3733 830 3768 non
848 3714 947 3769 rideret
967 3718 1111 3786 observari,
1125 3720 1194 3773 misit
1210 3722 1357 3775 exercitum
1374 3722 1401 3776 ia

376 3796 576 3867 Burgundiam;
595 3798 640 3866 qui
659 3797 718 3862 sibi,
737 3798 857 3851 nondum
877 3814 969 3853 exacto
990 3815 1107 3874 tempore
1129 3818 1298 3876 treugarum,
1318 3819 1401 3860 totum

377 3884 530 3936 comitatum
542 3882 702 3954 Burgundio
714 3885 851 3954 acquisivit
864 3899 888 3937 et
899 3885 1030 3959 oppidum
1043 3890 1155 3943 Dolensc
1166 3892 1268 3944 evertit.

391 4063 498 4159 lgitur
524 4086 629 4154 cum,
658 4065 707 4134 uti
737 4063 910 4156 diximus,
936 4072 1073 4164 'treugae
1096 4068 1226 4166 passim
1257 4069 1342 4141 hinc
1369 4086 1402 4142 et

341 4178 424 4250 inde
450 4196 715 4279 rumperentur,
746 4198 781 4253 ct
811 4183 847 4252 in
875 4184 1061 4257 alterutros
1085 4185 1227 4283 culpam
1256 4203 1291 4258 et
1318 4213 1400 4287 rup-
