2946 5070
614 128 722 216 unm
743 145 895 218 sexsus.
968 139 976 155 ”
1245 162 1283 218 aa

219 288 605 382 ammonitorem.
623 291 765 362 ilicum
782 286 979 386 'quemdam
991 288 1148 388 burgum
1166 294 1287 393 appel·

218 403 333 477 latum
341 406 559 496 Eminesse¹,·
575 405 659 477 satis
668 404 855 506 locupletis
865 429 907 478 ac
922 403 1083 480 bellicosi
1091 420 1128 480 et
1141 407 1287 507 superbi

219 518 345 619 populi
377 520 608 593 multitudine
637 519 825 613 refertum,
850 522 1099 617 vastavissent‚
1124 522 1287 622 diripuis-

219 650 298 708 sent
320 651 356 709 et
373 648 609 729 cremassent,
627 631 789 735 pluribus
809 637 880 710 loci
900 637 1030 711 accolis
1045 638 1102 712 vel
1118 640 1215 711 caesis
1230 640 1284 712 vel

218 757 345 854 captis,
366 737 415 829 ad
437 755 706 828 incendendmn
728 756 862 856 pariter
881 770 916 829 et
938 755 1153 830 vastandum
1183 781 1287 854 quas·

219 869 305 943 dam
316 872 430 964 villas,
442 873 526 944 sitas
543 872 589 945 ad
599 897 714 944 unum
725 873 875 946 milliare
888 873 944 946 vel
963 873 1037 945 duo
1050 873 1095 945 de
1106 874 1282 969 Trajecto,

219 987 257 1057 in
281 987 350 1060 illis
377 988 595 1087 palustribus
617 989 705 1061 locis
731 1014 751 1060 e
776 989 907 1088 quibus
930 988 977 1063 ad
999 989 1286 1063 comburendum

218 1119 255 1176 et
269 1105 372 1179 focos
393 1106 709 1205 componenduml
725 1108 840 1205 patria
862 1108 922 1181 illa
940 1108 993 1179 uti
1009 1108 1098 1180 solet
1112 1108 1171 1206 (eo
1188 1109 1287 1205 quod

220 1220 291 1293 illic
304 1247 421 1321 neque
432 1224 553 1321 sylvae,
570 1248 687 1319 neque
698 1221 844 1325 arbores
856 1222 903 1296 ad
916 1222 1176 1299 combustionis
1188 1251 1285 1317 usus,

220 1339 385 1413 nisirarae
400 1339 616 1427 admodum,
637 1340 895 1435 inveniantur),
916 1339 982 1411 iter
993 1338 1211 1415 direxemnt.

233 1488 245 1509 ·
271 1453 342 1526 Ubi
360 1454 525 1527 incendia
540 1469 577 1526 et
593 1446 731 1551 praedas
746 1477 830 1525 cum
855 1468 1018 1547 agerent,
1038 1454 1192 1527 flammis
1207 1477 1286 1527 ma-

221 1568 445 1645 nifestissime
463 1571 500 1642 in
522 1570 682 1665 Trajecto
702 1568 962 1641 collucentibus
987 1584 1094 1667 atque
1114 1594 1289 1670 apparen-

220 1686 338 1778 tibus,
362 1677 480 1761 statim
501 1701 574 1759 tam
598 1686 733 1758 rutheri
753 1710 861 1782 quam
887 1710 1016 1784 magna
1039 1687 1171 1758 civium
1195 1686 1288 1758 mul-

219 1806 361 1898 titudo,
399 1830 513 1903 usque
544 1804 589 1877 ad
624 1829 837 1895 numerum,
873 1821 912 1876 ut
944 1804 1139 1897 ferebatur,
1174 1829 1287 1903 prope

220 1922 380 2020 quinque
397 1921 550 1993 millium
564 1919 772 2012 hominum,
789 1922 936 1993 confuse
951 1935 987 1992 et
1011 1921 1145 2018 absque
1162 1921 1288 1994 ordine

220 2038 333 2136 portis
356 2038 429 2109 suis
453 2051 667 2135 eruperunt,
691 2050 798 2134 atque
823 2035 870 2109 ad
885 2037 983 2131 loca,
1003 2039 1040 2109 in
1064 2036 1196 2136 quibus
1213 2061 1288 2110 esse

219 2152 342 2226 hostes
355 2151 575 2242 sentiebant,
594 2166 827 2250 properanter
844 2167 1117 2226 concurrerunt.
1130 2151 1184 2227 sd
1195 2176 1289 2252 quos

221 2292 305 2340 cum
336 2269 485 2368 propius
513 2269 758 2361 accessissent,
786 2284 821 2341 et
850 2293 913 2342 eos
943 2268 1063 2365 fugam
1095 2282 1285 2366 capturos,

220 2383 529 2482 quemadmodum
549 2386 635 2459 alias
651 2410 764 2485 prope
782 2385 916 2457 flumen
934 2384 1074 2478 leclae,
1092 2385 1192 2481 juxta
1206 2382 1288 2455 bas·

221 2499 333 2572 tiliam
365 2499 544 2592 fecerant,
575 2499 853 2593 arbitrarentur,
883 2499 1018 2598 experti
1044 2512 1127 2571 sunt
1153 2496 1288 2570 damno

220 2638 287 2686 suo
305 2640 343 2686 se
366 2617 450 2686 cum
468 2616 613 2688 annatis
633 2616 718 2688 viris
740 2616 923 2711 negotium
939 2612 1086 2686 habere.
1113 2612 1183 2700 Qui
1204 2636 1286 2684 cum

220 2754 283 2802 eos
308 2731 471 2803 alacriter
489 2733 709 2829 acciperent,
735 2746 771 2803 et
791 2732 829 2802 in
847 2755 909 2803 eos
929 2730 1130 2827 composito
1147 2731 1288 2825 agmine

220 2845 413 2935 irruerent,
438 2848 535 2919 illico
556 2849 623 2946 ipsi
644 2848 1002 2943 Trajectenses-terga
1023 2846 1238 2918 dederunt³.
1259 2849 1287 2917 E

220 2965 370 3060 quibus,
392 2966 470 3038 tam
488 2964 534 3038 de
552 2966 712 3058 civitate,
733 2991 841 3062 quam
860 2963 1076 3037 suburbanis
1100 2978 1136 3035 et
1162 2963 1288 3034 ricinis

221 3080 330 3174 villis,
345 3082 520 3181 perempti
535 3096 619 3154 sunt
635 3082 774 3154 circiter
790 3080 886 3152 mille
900 3095 935 3153 et
948 3080 1151 3178 quingenti3
1170 3079 1288 3177 plures

221 3345 423 3427 bourguignon
447 3359 476 3406 et
488 3346 583 3406 obtint
603 3347 641 3407 de
657 3349 773 3409 Clrarles
792 3349 821 3406 le
836 3347 998 3406 Temeraire
1017 3346 1048 3419 je
1063 3366 1102 3405 ne
1118 3346 1174 3404 sais
1192 3344 1288 3423 ‹prelle

221 3440 382 3523 seigneurie
400 3441 437 3500 de
455 3442 667 3504 Salat-Martin.
690 3445 736 3501 On
754 3441 900 3522 l'appelait
920 3442 947 3499 lc
959 3441 1035 3499 Petit
1047 3440 1161 3527 §alam
1174 3456 1248 3517 pour
1261 3438 1289 3495 le

220 3534 379 3612 distinguer
398 3533 434 3593 de
457 3539 529 3592 Jean
556 3533 593 3593 de
616 3536 740 3606 Salazar,
764 3533 985 3614 probablenrent
1012 3554 1063 3591 son
1091 3545 1211 3611 parent,
1239 3530 1287 3608 qui

220 3628 309 3685 servit
321 3628 393 3687 dans
406 3629 447 3687 les
459 3630 570 3687 armies
585 3630 739 3707 franpaises
752 3648 819 3688 sous
830 3627 947 3688 Cbarles
957 3630 1011 3686 v11
1020 3641 1048 3684 et
1062 3646 1128 3684 sous
1137 3624 1224 3683 Louis
1232 3627 1285 3683 xl.

261 3725 290 3783 l.
314 3722 473 3782 Emeresse.

191 3802 194 3807 ¹
259 3818 290 3873 2.
312 3814 495 3875 C'mt-a-dire
508 3816 550 3874 les
565 3816 733 3876 tourbieres.

264 3912 294 3967 3.
317 3915 343 3967 Α
358 3909 553 3971 Westbroeck.
