2946 5070
210 438 268 498 aas
638 433 843 509 momen,

210 591 251 653 ut
268 588 388 675 pateat
411 571 543 671 legenti
572 571 727 645 nimium
750 569 853 647 facilc
878 572 916 646 in
936 597 982 646 ea
1002 569 1204 673 provincia
1218 568 1281 643 lm·

210 691 345 784 mines,
379 689 488 762 etiam
531 686 761 784 quantumvis
795 688 938 784 quietos
969 702 1007 761 et
1041 688 1148 787 pacis
1182 701 1283 784 atque

209 805 473 903 tranquillitatis
499 818 695 893 amatores,
719 802 842 877 litibus
866 805 1018 892 involvi,
1039 818 1080 876 et
1103 803 1284 876 involutos

210 922 316 997 anxie
339 936 376 993 et
396 920 545 994 moleste
564 918 781 1018 plurimum,
806 919 937 993 invitos
957 921 1068 1014 licet,
1094 920 1133 992 in
1160 920 1215 992 eis
1235 944 1283 991 re·

211 1039 316 1115 tineri
336 1061 405 1111 nec
420 1035 468 1110 ab
483 1036 534 1108 eis
550 1059 655 1134 pomo
678 1035 779 1108 facile
794 1035 967 1134 expediri.

258 1158 352 1229 Sane
372 1178 415 1227 ex
434 1153 491 1227 his
508 1151 640 1249 iniquis
657 1151 897 1250 oompendiis‚
916 1177 1058 1250 quaeex
1075 1152 1285 1250 hujusmodi

211 1270 351 1349 infinita
376 1270 492 1344 litium
509 1281 546 1344 ot
567 1291 758 1341 causarum
783 1267 1015 1348 multitudine
1037 1270 1282 1368 proveniunt,

212 1413 302 1487 quas
322 1403 397 1463 tam
425 1385 527 1458 facile
549 1385 710 1459 suscitari
733 1398 770 1457 et
793 1385 903 1458 semel
919 1387 1116 1460 suscitatas
1130 1411 1216 1459 sero
1233 1386 1285 1458 vel

209 1526 398 1601 nunquam
412 1500 596 1575 terminari
611 1501 669 1577 vel
684 1500 779 1575 liniri
794 1500 1044 1599 hujuscemodi
1063 1503 1194 1601 patriae
1206 1528 1287 1575 oon·

211 1620 420 1694 suetudines
450 1618 649 1719 patiuntur,
684 1618 863 1693 conflatur
893 1634 930 1693 et
964 1618 1167 1695 conficitur
1197 1647 1286 1694 unus

211 1752 322 1814 status
340 1736 618 1828 advocatorum,
641 1736 759 1833 quiin
779 1737 966 1836 provincia
985 1736 1105 1811 hodie
1122 1753 1198 1811 tam
1213 1763 1285 1812 ma·

211 1879 303 1952 gnus
317 1867 371 1927 est
386 1869 422 1927 et
438 1868 513 1926 tarn
528 1849 784 1951 amplificatus,
801 1867 840 1925 ut
853 1867 1001 1925 caeteros
1014 1879 1150 1927 omnes
1167 1856 1286 1954 patria

211 1986 323 2051 uatus
344 1972 377 2047 ei
398 1969 505 2044 subdi
528 1985 565 2044 et
582 1993 707 2069 parere
723 1970 768 2042 sit
790 1995 946 2045 necesse.
969 1972 1067 2043 Sunt
1093 1973 1197 2045 enim
1224 1998 1285 2044 nu·

212 2113 314 2163 mero
335 2102 410 2162 tam
426 2086 529 2161 multi
550 2111 616 2184 per
641 2085 799 2160 civitates
816 2086 987 2185 singulas,
1007 2089 1164 2187 oppida,
1188 2089 1285 2161 villas

211 2218 249 2277 et
269 2229 353 2278 rura
377 2203 513 2301 ubique
530 2201 749 2277 disseminati
776 2217 884 2301 atque
908 2202 1062 2302 dispersi
1078 2261 1089 2295 ‚
1107 2206 1284 2303 tant‘squc

213 2318 344 2417 opibus
361 2318 485 2411 ditati,
510 2342 595 2390 cum
611 2317 714 2392 facile
735 2342 779 2390 ex
800 2318 872 2391 suis
887 2318 1197 2394 advocationibus
1212 2347 1284 2395 ma·

213 2458 300 2531 guas
333 2432 402 2508 sihi
440 2447 651 2531 comparent
695 2434 853 2528 divitias,
897 2449 937 2508 ut
975 2438 1089 2510 totius
1125 2440 1283 2538 prolecto

212 2551 405 2650 provinciae
427 2548 775 2623 administrationem
799 2566 834 2624 et
859 2553 1018 2649 regimen
1041 2553 1083 2625 in
1112 2555 1188 2627 suis
1210 2578 1281 2628 ura·

213 2665 320 2743 nibus
339 2664 474 2739 habere
494 2663 703 2757 videantur;
728 2665 777 2739 ita
798 2667 906 2740 etiam
929 2682 969 2741 ut
989 2667 1137 2742 nobiles
1165 2672 1282 2769 patriae
1345 2768 1348 2774 Ι

213 2783 266 2855 eis
290 2807 490 2878 eorumque
515 2780 616 2870 liliis,
649 2782 731 2854 licet
762 2780 893 2881 plebeii
923 2798 959 2858 et
988 2785 1164 2860 rusticam
1194 2785 1280 2874 siut,

214 2893 305 2971 filias
320 2918 403 2968 suas
418 2893 596 2990 gaudeant
611 2919 649 2966 se
665 2895 897 2967 matrimonio
927 2897 1104 2996 copulare
1128 2912 1165 2969 et
1177 2898 1282 2996 patri·

215 3012 422 3089 nostorum
443 3035 591 3084 suorum
608 3034 671 3082 eos
686 3010 889 3109 relinquere
905 3011 1067 3087 haeredes
1082 3028 1121 3087 et
1136 3013 1279 3089 habere.

215 3128 345 3203 Mirum
374 3128 532 3199 enimin
558 3125 710 3199 modum
736 3127 897 3227 plerique
914 3153 958 3203 cx
981 3130 1068 3228 ipsis
1099 3131 1138 3203 in
1164 3131 1283 3230 paucis

216 3242 320 3319 anuis
340 3241 387 3315 ad
414 3266 503 3341 opes
531 3265 679 3338 magnas
705 3257 741 3315 et
769 3245 889 3344 ampla
911 3245 1133 3344 patrimonia
1159 3271 1203 3319 ex
1226 3245 1283 3324 ut

218 3358 460 3452 negotiatione
487 3357 700 3448 evehuntur,
730 3360 780 3434 ita
812 3374 851 3432 ut
879 3362 917 3433 in
944 3361 1205 3461 quinquennio
1231 3363 1283 3437 rel

217 3470 425 3569 septermio,
445 3474 507 3570 qui
533 3499 648 3547 unum
671 3489 754 3549 ante
776 3475 966 3551 denarium
990 3478 1051 3550 vix
1073 3477 1281 3571 habehant,

216 3587 445 3665 inveniantur
477 3590 681 3687 acquisiisse
702 3616 745 3665 ex
770 3592 1018 3692 hujuscemodi
1044 3593 1284 3676 advocatione

218 3716 420 3796 trecentos,
452 3707 733 3803 quadringentos
757 3711 813 3782 vel
836 3710 989 3811 amplius
1016 3735 1149 3785 aureos
1174 3713 1283 3785 annui

219 3819 354 3894 reditus
373 3821 412 3892 in
437 3821 596 3919 pulchris
620 3821 804 3898 nobilibus
823 3827 965 3927 praediis
987 3842 1024 3901 et
1044 3828 1175 3902 feodis.
1198 3833 1283 3901 Cor·

218 3937 313 4011 rodit
335 3937 469 4037 quippe
488 3953 600 4011 status
622 3942 681 4013 ille
700 3942 958 4018 advocatorum
979 3960 1016 4018 et,
1036 3947 1159 4020 exedit
1179 3962 1285 4044 atquc

216 4055 352 4149 exsugit
375 4068 488 4127 totam
510 4054 634 4155 populi
662 4058 918 4156 substantiam
941 4063 1017 4162 qui,
1046 4088 1133 4135 cum
1159 4080 1285 4138 natura

216 4171 298 4242 satis
312 4184 345 4241 et
363 4171 537 4267 nimium,
558 4175 650 4273 proh
666 4176 774 4250 dolor
793 4176 801 4250 l
821 4178 988 4278 proclivis
1000 4180 1046 4252 sit
1063 4180 1110 4254 ad
1124 4180 1227 4273 lites,
1241 4207 1284 4255 ex
