2946 5070
201 499 256 553 106
474 494 734 551 fflstonltnuu
748 493 924 550 LUDOVICI
944 494 986 550 xl

250 627 404 696 Fuerunt
416 623 551 696 interea
564 622 725 720 pluribus
741 637 778 694 et
788 624 895 696 variis
908 623 946 695 in
961 623 1049 695 locis
1063 642 1258 700 conventus

75 807 78 812 ,
199 740 371 838 partium,
402 763 469 838 pro
496 764 584 837 pace
613 741 668 812 vel
701 735 824 835 tre'uga
854 739 1013 812 ineunda
1039 755 1075 811 et
1102 744 1259 815 reconci-

199 858 339 951 lianda,
371 883 467 930 nunc
493 883 577 929 curn
600 857 722 955 legatis
748 882 813 929 seu
839 857 1036 929 commissis
1059 856 1257 955 pontificis,

199 998 297 1044 nuuc
310 998 393 1047 cum
405 975 528 1069 legatis
541 973 642 1045 ducis
656 973 817 1065 nustriae,
832 997 924 1071 saepe
938 973 1045 1046 etiam
1058 997 1142 1046 cum
1160 975 1260 1046 utris·
1314 964 1317 971 ’

199 1114 289 1185 que,
309 1091 491 1164 celebrati.
514 1090 584 1162 Sed
600 1091 637 1161 in
656 1088 845 1181 omnibus,
864 1115 948 1161 cum
963 1114 1104 1188 semper
1122 1095 1261 1162 Amen·

201 1206 394 1280 iordienses
409 1221 445 1279 et
457 1208 694 1303 Trajectenses
717 1232 823 1278 suum
841 1204 1049 1304 pontificem
1067 1231 1110 1278 ac
1135 1209 1261 1305 princi·

200 1348 283 1420 pem
318 1348 573 1419 recognoscere
608 1323 884 1422 pertinacissime
917 1347 960 1395 ac
990 1322 1260 1395 obstinatissime

199 1453 421 1533 recusarent,
441 1443 628 1537 nunquam
650 1463 692 1509 ex
709 1436 915 1533 hujusmodi
940 1437 1180 1510 conventibus
1201 1438 1261 1510 ali·

200 1554 279 1651 quis
310 1553 429 1627 bonus
460 1555 594 1628 fructus
621 1568 750 1652 optatae
779 1555 877 1652 pacis
903 1555 960 1626 vel
988 1568 1120 1650 treugae
1147 1555 1261 1653 potuit

200 1672 353 1744 evenire.
391 1673 486 1760 Quin
512 1671 631 1770 potius
660 1669 803 1769 publice
827 1669 1028 1766 jactabatur
1057 1670 1158 1768 quod
1189 1695 1260 1742 non

200 1787 267 1859 nisi
298 1788 345 1860 ad
382 1787 735 1861 circumveniendum
762 1811 847 1859 suos
871 1788 1113 1880 adversarios,
1135 1789 1166 1858 si
1191 1811 1262 1884 quo

200 1906 343 2001 ingenio
367 1907 582 2004 potuissent,
601 1919 637 1976 et
652 1903 870 2002 placandum
892 1919 1086 2002 utcumque
1104 1929 1262 1977 rumores

200 2047 398 2119 pauperum
412 2023 564 2122 civium,
584 2045 739 2118 quorum
756 2021 863 2115 longe
877 2022 993 2119 major
1006 2047 1088 2120 pars
1107 2046 1183 2092 non
1197 2021 1261 2092 nisi

201 2164 326 2237 pacem
351 2138 543 2238 exoptabat
564 2155 599 2210 et
625 2163 690 2210 suo
718 2137 881 2236 pontifici
907 2138 1153 2227 reconciliari,
1180 2138 1263 2210 tales

200 2272 398 2329 conventus
421 2283 504 2328 cum
522 2257 730 2329 adversariis
748 2256 824 2327 fieri
839 2272 876 2329 et
894 2256 1020 2329 haberi
1035 2254 1259 2354 expetebant

202 2378 273 2446 Nec
298 2373 368 2443 levi
392 2396 477 2443 sane
497 2385 533 2442 et
555 2395 647 2443 vana
665 2372 870 2467 conjectura
895 2396 938 2444 ea
964 2371 1168 2443 communis
1188 2394 1262 2442 om·

201 2490 302 2576 nium
319 2489 428 2559 ferme
445 2487 628 2561 aestimatio
648 2489 856 2560 invaluerat.
874 2493 963 2562 Nam
978 2490 1120 2586 quoties
1135 2488 1185 2560 ad
1201 2488 1263 2559 bu-

197 2604 296 2699 jusce
320 2617 518 2676 conventus
534 2627 617 2674 suos
643 2603 776 2698 legatos
801 2604 1039 2700 Trajectenses
1063 2605 1259 2693 mitterent,

200 2742 340 2817 semper
357 2719 560 2813 evestigio,
583 2718 639 2790 vel
664 2719 711 2792 ad
729 2720 872 2818 rapinas
899 2717 1078 2793 faciendas
1103 2733 1140 2789 et
1155 2716 1263 2789 abdu-

205 2835 337 2907 cendas
360 2834 498 2932 praedas
518 2850 579 2906 aut
597 2836 776 2933 captivos,
798 2835 853 2906 vel
874 2833 1120 2906 admiscenda
1144 2834 1262 2904 incen-

201 2953 261 3025 dia
281 2955 318 3026 in
336 2954 436 3024 terris
452 2967 487 3023 et
509 2954 601 3047 agris
618 2953 921 3043 adversariorum,
941 2975 1024 3023 suos
1040 2950 1259 3023 emittebant.

203 3071 273 3156 Qui
296 3070 498 3167 frequenter
516 3069 649 3142 damna
674 3095 748 3141 non
772 3069 914 3140 modica
939 3049 1150 3165 improvidis
1169 3083 1205 3140 et
1229 3090 1263 3138 se

203 3185 437 3282 negligentius
458 3186 665 3258 curantibus
681 3184 901 3282 ingerebant.
921 3183 1025 3255 Unde
1042 3209 1117 3255 non
1135 3199 1267 3255 temere

202 3326 264 3373 eos
279 3304 330 3371 uti
343 3300 461 3373 verbis
478 3302 636 3399 pacificis
648 3302 686 3374 in
704 3301 815 3389 dolo,
832 3301 971 3373 nullum
986 3315 1106 3372 autem
1122 3324 1264 3398 prorsus

202 3417 456 3514 reintegrandae
476 3419 573 3515 pacis
593 3433 700 3514 atque
722 3417 884 3490 amicitie
906 3432 1031 3488 votum
1054 3441 1117 3488 seu
1135 3439 1264 3515 propo·

204 3535 333 3623 situm,
366 3534 429 3606 sed
466 3536 574 3633 ipsius
610 3536 728 3632 potius
755 3533 994 3607 distrahendae
1028 3548 1135 3631 atque
1168 3533 1263 3604 elon·

205 3651 346 3749 gaudae,
366 3675 486 3746 gerere
503 3650 732 3749 putabantur.

253 3769 359 3840 Initio
384 3793 457 3865 quo
486 3770 684 3863 Traiectum
715 3767 979 3863 Enghelbertus.
998 3765 1044 3839 de
1067 3766 1193 3851 Clivis,
1221 3763 1264 3836 de

205 3910 278 3981 quo
297 3910 404 3984 supra
422 3885 679 3974 meminimus¹,
694 3885 862 3956 advectus
875 3900 941 3976 est,
961 3909 1043 3955 cum
1061 3884 1179 3955 omnis
1194 3905 1263 3953 ma·

203 4003 365 4097 gistratus
386 4001 584 4096 regentium
604 4001 780 4074 civitatem
808 4027 892 4073 curn
913 4001 985 4073 suis
1003 3998 1201 4072 fautoribus
1224 3998 1258 4069 iu

244 4246 271 4300 t.
294 4243 459 4319 Ci·dessus,
477 4263 506 4321 p.
523 4247 572 4303 97.
