2946 5070
134 478 141 519 l

167 433 225 490 sot
439 400 698 490 ms‘ionnnuu
719 430 897 490 mooun
915 429 960 485 ιι

168 560 387 651 habebatur;
408 586 643 659 successuque
666 563 835 660 temporis
861 562 978 633 statim
1005 577 1227 660 compertum

166 693 240 771 est,
259 702 369 775 quam
386 679 560 751 damnosa
577 679 709 751 civitati
732 678 834 751 foret.
861 679 945 764 Quae
965 701 1030 774 per
1051 676 1124 749 boc
1146 704 1229 751 om-

166 798 254 869 nino
275 797 413 895 privata
443 795 508 867 fuit
531 796 742 869 advectione
775 796 931 895 plurium
959 794 1168 868 victualium
1197 814 1230 871 et

168 913 319 985 aliarum
341 937 460 984 rerum
477 914 775 1003 necessariarum,
794 936 883 1008 quas
905 909 951 981 de
969 913 1070 982 terris
1088 914 1232 986 Hollan·

167 1027 235 1112 djae
245 1041 281 1098 et
298 1027 375 1098 aliis
388 1029 530 1132 nustriae
547 1026 668 1120 ducis,
683 1053 749 1126 per
766 1024 924 1099 medium
938 1025 1032 1097 illius
1048 1028 1228 1125 oppiduli,

168 1142 631 1236 neutralitatem'servantis,
649 1144 819 1240 consequi
836 1156 1082 1214 consueverat.

216 1261 319 1357 Atqui
341 1284 426 1330 cum
448 1244 657 1354 hujusmodi
682 1258 917 1358 oppidulum,
936 1259 1076 1330 circiter
1095 1284 1232 1333 menses

168 1391 258 1468 tres,
280 1375 338 1446 ille
355 1373 538 1463 rutheros,
554 1375 616 1470 qui
635 1376 752 1473 ipsum
769 1376 819 1446 sic
840 1373 964 1447 fraude
982 1375 1230 1472 interceperat,

168 1508 410 1589 cognomento
445 1491 745 1583 Zwanenbnwl',
780 1492 966 1582 tenuisset,
1008 1507 1230 1589 cunctaque,

167 1611 257 1681 etin
281 1608 417 1706 oppido
438 1622 474 1679 et
489 1608 785 1705 circumquaque,
801 1633 880 1705 quae
898 1631 1023 1706 rapere
1042 1610 1231 1706 potuisset,

169 1742 407 1822 aggregasset,
427 1725 581 1823 plurima
609 1724 752 1796 sarcitus
778 1723 899 1824 praeda
923 1739 960 1795 et
982 1724 1105 1822 spoliis
1133 1725 1234 1797 mise·

169 1867 305 1934 rorum,
326 1841 477 1913 domino
489 1840 560 1911 loci
577 1840 757 1911 mediante
768 1844 791 1932 ²,
808 1865 946 1912 summa
960 1842 1068 1911 trium
1084 1841 1234 1913 millium

169 1962 390 2032 florenorum
405 1958 521 2056 ipsum
536 1956 747 2055 oppidulum
765 1957 928 2048 restituit,
944 1971 992 2045 et,
1009 1958 1141 2029 relictis
1156 1962 1235 2030 Tra·

166 2074 405 2174 jectensibus,
425 2070 471 2180 ad
486 2073 631 2172 propria
648 2073 851 2145 remeavit³.

220 2196 293 2265 Nec
315 2214 400 2262 vero
429 2189 752 2277 Amersiordenses,
779 2189 1060 2285 Trajectensibus
1084 2190 1235 2289 adgluti-

170 2308 265 2397 nati,
288 2307 394 2378 etiam
411 2329 433 2378 a
448 2304 535 2377 belli
561 2304 724 2377 cladibus
747 2319 783 2375 et
807 2305 880 2396 his,
900 2331 979 2403 quae
1002 2306 1087 2377 inde
1108 2331 1236 2405 prove·

119 2417 124 2428 ’
172 2422 249 2493 nire
279 2421 416 2513 solent,
446 2421 595 2493 sinistris
629 2419 816 2491 eventibus
845 2436 1002 2494 exsortes
1033 2437 1232 2496 evaserunt.

172 2539 262 2608 Nam
285 2536 395 2633 paulo
420 2551 504 2608 ante
526 2535 665 2609 cladem
680 2560 701 2608 a
716 2537 996 2633 Trajectensibus
1018 2553 1233 2636 susceptam,

172 2652 369 2723 autumnali
384 2666 560 2749 tempore,
580 2677 684 2741 cum,
700 2651 868 2723 adversus
881 2652 1001 2725 hostes
1017 2654 1237 2726 incursantes

171 2784 207 2838 et
222 2768 436 2866 populantes
457 2792 561 2863 agros
589 2792 692 2858 suos,
710 2781 843 2840 temere
864 2783 900 2839 et
925 2769 1071 2840 confuse
1094 2771 1236 2841 exsiliis·

172 2898 270 2976 sent,
290 2909 356 2982 per
372 2885 518 2958 insidias
535 2883 583 2956 ab
604 2883 769 2956 hostibus
785 2885 1037 2977 circumventi,
1057 2884 1236 2959 fortunam

173 2998 258 3070 belli
288 2998 475 3072 adversam
494 3002 627 3098 experti
657 3003 771 3072 sunt‘.
797 3001 883 3072 Caesi
911 3002 1008 3071 enim
1027 3001 1171 3073 bierunt
1193 3001 1237 3074 de

173 3113 311 3185 civibus
328 3115 408 3211 plus
421 3140 531 3212 quam
549 3115 709 3206 ducenti,
725 3131 761 3187 et
776 3117 871 3188 circa
881 3133 1030 3201 ,centum
1047 3118 1145 3190 ducti
1160 3142 1237 3217 cap·

171 3230 254 3320 tivi,
275 3248 358 3301 cum
375 3230 528 3328 plurima
546 3232 666 3329 praeda
682 3230 817 3323 bourn,
837 3255 993 3327 quorum
1009 3232 1126 3303 solent
1146 3258 1234 3330 quo·

210 3524 239 3580 1.
262 3520 429 3580 Vincentius
443 3541 501 3580 van
514 3520 566 3580 der
578 3522 810 3596 Zwaneuborch,
827 3525 968 3603 capitaine
978 3525 1014 3583 de
1028 3544 1099 3604 gens
1113 3523 1234 3583 d'armes

170 3634 208 3673 au
222 3614 331 3672 service
344 3614 504 3675 d’Utrecbt.

210 3709 240 3766 2.
262 3707 417 3766 Walraveu
431 3728 488 3766 van
502 3709 677 3768 Brederode.
700 3710 849 3770 Matthaeus
863 3732 879 3769 a
894 3711 1006 3769 eclairci
1025 3731 1078 3789 par
1094 3712 1145 3770 des
1159 3724 1234 3770 actes

168 3818 203 3858 ce
225 3819 344 3878 passage
361 3801 533 3860 interessant
555 3821 631 3879 pour
648 3803 787 3861 l'histoire
807 3804 990 3882 particuliere
1007 3803 1043 3862 de
1060 3804 1189 3876 Viancn‚
1208 3815 1235 3861 et

169 3893 244 3952 aussi
258 3914 333 3971 pour
347 3894 484 3952 l'bistoire
497 3894 533 3953 de
547 3896 758 3954 l'insurrection
773 3897 809 3955 de
826 3901 917 3970 1181,
933 3899 1055 3976 puisque
1072 3897 1115 3956 les
1129 3897 1234 3957 Brede-

170 3986 240 4044 rode
254 3988 359 4045 etaient
373 3987 412 4046 du
426 3990 520 4045 rueme
532 3989 606 4067 parti
620 4009 677 4067 que
690 3990 731 4048 les
744 3990 910 4063 Trajectins.

213 4081 251 4135 3.·
263 4082 302 4138 Ce
318 4080 368 4157 qui
382 4080 438 4137 suit
451 4081 544 4138 lorme
557 4102 596 4139 un
611 4094 693 4141 autre
706 4082 834 4161 chapitre
848 4084 919 4143 dans
933 4083 1093 4145 Mattbaeus.

213 4174 242 4231 li.
267 4176 304 4230 22
321 4171 484 4251 septembre
497 4178 586 4233 1181.
