2946 5070
189 467 246 523 ,tot
616 462 820 531 atomon,

186 596 384 670 custodiam
401 595 621 693 praefecerat¹
639 595 700 666 illo
720 610 806 666 tunc
821 618 903 665 cum
920 610 1133 689 germanum
1149 619 1250 665 suum

187 713 374 812 expulisset
393 712 623 783 Normannia.
651 715 690 782 ln
710 726 849 783 tantum
871 710 975 804 igitur
997 711 1074 809 ipse
1091 710 1252 782 elationis

187 845 222 902 et
238 830 446 924 arrogantiae
469 842 610 899 evectus
625 842 678 897 est
694 842 889 916 tumorem,
910 840 949 896 nt
964 825 1102 896 dictum
1117 825 1251 898 fatuum

189 946 331 1017 fratrem
350 969 454 1016 suum
475 942 520 1016 ad
538 942 723 1014 ecclesiam
741 956 900 1014 nostram
914 941 1029 1013 facere
1046 942 1252 1038 promoveri

188 1062 269 1132 totis
293 1059 429 1132 viribus
450 1073 659 1157 conaretur,
682 1059 800 1155 ipsum
816 1059 922 1129 etiam
945 1056 994 1128 ad
1019 1057 1092 1127 hoc
1119 1055 1252 1128 ididem

186 1177 332 1275 praefato
357 1201 421 1247 suo
455 1176 567 1273 impio
596 1176 756 1272 genitore
790 1175 1019 1246 vehementer
1050 1174 1254 1246 stimulante

187 1309 293 1390 atque
310 1293 530 1389 impellente,
559 1293 620 1388 qui
640 1318 710 1363 suae
731 1316 796 1391 per
811 1290 1061 1387 hujuscemodi
1079 1292 1177 1362 viam
1199 1304 1253 1360 ut·

186 1400 339 1504 cumque
354 1407 551 1479 satisfacere
565 1408 750 1506 cupiditati
768 1406 958 1503 satagebat.
985 1404 1153 1478 Praefatus
1168 1430 1252 1479 vero

186 1523 261 1618 ejus
282 1522 396 1611 lilius,
418 1522 534 1617 regius
557 1525 714 1612 satelles,
738 1538 875 1594 tantam
890 1522 988 1621 apud
1004 1546 1151 1616 regern,
1171 1544 1252 1592 cum

187 1639 262 1736 ipse
277 1653 397 1711 tamen
413 1663 487 1709 nou
504 1639 601 1710 aliud
615 1663 724 1736 quam
739 1638 1039 1737 petulantissimus
1055 1651 1163 1733 atque
1179 1651 1251 1707 tur·

187 1757 370 1856 pissimus,
389 1754 550 1827 ebriosus
568 1771 603 1827 et
620 1753 742 1827 scurra
758 1770 869 1846 esset,
888 1756 1036 1851 gratiam
1051 1756 1248 1842 invenerat,

186 1888 226 1945 ut
244 1875 317 1972 ipse
335 1899 396 1945 rex
420 1872 617 1970 quidquam
641 1871 774 1964 ferme,
797 1871 896 1969 quod
927 1871 975 1943 ab
1002 1897 1047 1943 eo
1072 1885 1248 1969 posceret,

187 2016 317 2088 negare
334 1992 483 2063 minime
504 2016 607 2088 posse
629 2015 650 2062 a
666 1991 787 2063 multis
808 2006 1004 2089 putaretur,
1023 1991 1074 2064 ita
1091 1990 1250 2089 profecto

189 2122 228 2179 ut
252 2106 421 2179 maleficis
448 2120 483 2177 et
504 2104 680 2178 damnatis
700 2106 836 2179 artibus
855 2107 905 2179 sic
921 2132 1040 2203 regem
1065 2108 1251 2178 fascinasse

185 2236 220 2293 et
237 2223 275 2292 in
292 2237 504 2321 potestatem
520 2223 697 2320 accepisse
722 2222 949 2321 quamplures
968 2248 1052 2293 eum
1076 2224 1251 2294 existima·

186 2351 278 2408 rent.
303 2341 452 2434 Propter
481 2362 580 2433 (lule,
605 2337 740 2408 nedum
759 2336 805 2410 ab
824 2337 1077 2410 humilioribus
1106 2353 1142 2409 et
1168 2338 1250 2409 infe

185 2453 321 2523 riorum
338 2451 507 2523 ordinum
524 2453 663 2541 aulicis,
692 2453 754 2523 sed
771 2454 878 2525 etiam
900 2478 921 2524 a
936 2451 1247 2550 quibuscumque,

185 2567 323 2662 magnis
348 2568 456 2653 etiam
473 2566 702 2665 'principibus
730 2583 767 2639 et
793 2568 972 2657 dominis,
1001 2569 1193 2642 verebatur
1216 2584 1249 2640 et

185 2684 456 2781 quodammodo
478 2684 750 2758 formidabatur.

234 2802 343 2897 lgitur
358 2817 396 2873 nt
419 2827 441 2874 a
458 2828 494 2874 se
515 2804 715 2901 concupitis
733 2803 864 2875 nefarie
880 2805 987 2903 potiri
1003 2819 1144 2902 posset,
1165 2805 1249 2899 regi·

185 2942 268 2989 men
296 2933 470 2990 terranrm
502 2919 657 2990 ecclesiae
690 2933 830 3006 nostrae,
865 2921 902 2989 in
931 2919 1062 3015 quibus
1094 2919 1247 2990 universi

186 3056 285 3130 poene
308 3033 416 3130 ipsius
442 3033 640 3104 consistunt
656 3049 869 3131 proventus,
887 3059 909 3105 a
928 3058 1009 3128 rege
1025 3034 1127 3105 dono
1146 3058 1249 3105 acce·

184 3147 254 3244 pit,
283 3170 435 3242 quarum
462 3148 595 3218 linctus
619 3161 654 3218 et
682 3148 814 3219 reditus
844 3151 916 3220 suis
951 3149 1095 3221 nefariis
1130 3148 1248 3220 mihis

184 3261 384 3360 applicans,
403 3263 549 3335 eosdem
565 3262 611 3334 ad
636 3289 708 3335 nos
719 3265 802 3334 totis
825 3263 960 3335 viribus
983 3263 1250 3362 imprguandos

185 3374 440 3473 espnndebat'.
462 3381 503 3448 Et
520 3403 616 3465 cum,
634 3378 827 3449 incivitate
844 3394 967 3450 nostra
980 3381 1176 3457 exsistens,
1197 3380 1249 3449 in-

185 3490 371 3565 tellexisset
390 3518 469 3575 nos,
486 3509 631 3590 accepta
647 3517 669 3565 a
685 3519 767 3589 rege
789 3496 856 3588 (uti
872 3495 1073 3589 retulimus)
1092 3482 1251 3580 licentiass

185 3601 285 3678 breti
310 3606 357 3678 ad
380 3609 513 3702 regiam
532 3609 668 3680 curiam
689 3609 764 3679 fore
784 3633 828 3678 ex
848 3611 1033 3681 Catalonia
1056 3610 1246 3697 redituros,

187 3725 317 3797 ueritus
336 3749 380 3795 ne
398 3726 582 3823 presentia
605 3740 726 3796 nostra
741 3749 824 3796 suos
839 3750 970 3822 prasos
986 3744 1178 3799 eructaret
1189 3753 1250 3798 co·

188 3854 293 3914 natus
309 3856 416 3938 atque
429 3840 635 3929 molimina,
654 3839 750 3910 illico
763 3865 919 3937 propero
931 3857 967 3913 et
983 3845 1131 3914 concito
1144 3867 1249 3914 cursu

231 4108 257 4162 l.
280 4104 350 4163 t'oir
362 4103 626 4182 lespiicesdult‘·
639 4101 768 4165 volume.

226 4198 259 4257 a
280 4196 925 4274 tmtcsptemjussfflsmstmnss.
