2946 5070
569 470 679 527 lellll
698 468 903 529 SECUNDUS.
1211 471 1269 530 359

254 599 570 692 Quemadmodum
588 625 698 709 sane.
720 600 922 676 honoribus
950 613 1014 675 aut
1039 598 1271 698 dignitatibus

205 720 388 819 fungendo
410 737 447 796 et
471 723 649 823 potiundo
672 748 748 797 non
765 721 986 796 extolluntur
1008 746 1075 801 nec
1100 721 1272 796 inflantur

204 838 308 933 boni,
339 839 403 914 scd
428 838 500 914 hoc
525 840 642 913 solum
665 840 703 912 in
727 839 935 936 hujusmodi
954 840 1186 938 provectione
1207 865 1272 917 sua

204 970 345 1046 amant,
369 955 469 1054 quod
495 958 591 1031 nacti
614 980 691 1029 csse
719 955 884 1029 videntur
907 934 1140 1029 occasionem
1163 972 1272 1056 atque

204 1073 391 1146 materiam
407 1098 480 1170 qua
496 1071 659 1173 pluribus
681 1072 851 1171 prodesse
869 1073 1008 1172 possint
1022 1071 1273 1173 malorumque

203 1178 378 1287 improbis
396 1212 440 1262 ac
455 1187 618 1262 nefandis
633 1187 803 1262 obsistere
818 1189 1025 1283 conatibus,
1044 1189 1094 1263 ita
1110 1191 1272 1288 prolecto

203 1326 272 1376 nec
293 1327 419 1377 eorum
445 1304 648 1378 amissione
661 1319 726 1379 aut
749 1305 950 1405 dejectione
978 1305 1191 1402 franguntur
1216 1309 1272 1382 vel

203 1421 427 1511 cruciantur3
446 1419 510 1494 sed
530 1444 615 1494 cum
637 1420 764 1518 dejecti
784 1423 842 1496 rel
859 1422 1026 1523 perfracti
1052 1447 1129 1497 esse
1144 1439 1273 1522 putan·

203 1550 273 1628 tur,
292 1536 528 1611 nihilominus
544 1537 667 1611 invicti
685 1553 845 1613 manent.
870 1545 917 1612 Ut
937 1540 1034 1613 enim
1056 1541 1274 1636 Augustinus

202 1655 319 1754 inquit
331 1656 369 1728 in
382 1653 476 1729 libro
492 1660 545 1728 De
559 1679 646 1729 vera
658 1655 850 1754 religione,
870 1685 889 1726 tt
906 1656 971 1754 qui
987 1655 1025 1728 id
1042 1656 1160 1729 solum
1175 1674 1274 1733 amat

202 1768 302 1870 quod
313 1771 448 1845 amanti
459 1771 549 1871 eripi
558 1796 634 1844 non
646 1785 776 1872 potest,
786 1772 846 1866 ille
859 1769 1105 1844 indubitanter
1118 1772 1272 1849 invictus

202 1902 267 1962 est.
281 1917 301 1958 s
313 1887 462 1987 Sapiens
474 1902 608 1980 autem,
623 1889 734 1986 quiet
746 1914 822 1962 non
835 1886 1034 1962 nisibenus
1047 1912 1123 1962 esse
1137 1903 1268 1989 potest,

201 2018 340 2079 certum
357 2016 412 2077 est
431 2004 532 2102 quod
552 2005 604 2079 nil
621 2005 719 2080 aliud
735 2019 832 2079 amat
847 2005 917 2081 nisi
935 2030 1118 2079 summum
1135 2020 1173 2080 et
1191 2030 1272 2105 per·

201 2117 334 2192 fectum
351 2118 509 2214 bonum,
527 2120 584 2193 rel
606 2121 676 2195 nisi
695 2137 843 2221 propter
861 2122 980 2222 ipsum
996 2121 1097 2218 quod
1111 2121 1203 2220 eripi
1221 2121 1269 2195 ab

201 2258 247 2308 eo
274 2235 478 2310 nullatenus
501 2250 630 2335 potest.
661 2240 905 2335 Quaecumque
931 2237 1038 2334 igitur
1058 2238 1271 2337 temporalia

199 2350 267 2423 ista
289 2351 439 2443 amittat,
461 2376 540 2449 quae
558 2353 665 2449 vulgo
681 2377 853 2453 prospera
871 2353 1053 2446 dicuntur,
1077 2379 1162 2427 cum
1180 2353 1269 2428 illud

199 2468 318 2543 solum
333 2468 434 2568 quod
449 2483 566 2562 amat,
590 2497 773 2545 summum
791 2487 828 2544 et
847 2472 1182 2555 excellentissimum
1201 2471 1269 2545 bo·

200 2608 290 2659 num
304 2610 381 2659 non
396 2586 548 2678 amittat,
567 2588 694 2686 procul
707 2587 835 2681 dubio,
851 2589 961 2663 etiam
971 2589 1269 2688 quantiscumque

200 2700 491 2777 tribulationibus
518 2719 581 2778 aut
606 2703 916 2803 persecutionibus
941 2704 1131 2783 afflictetur
1161 2718 1268 2800 atque

199 2818 365 2914 agitetur,
383 2844 469 2919 quae·
488 2843 546 2894 res
565 2818 721 2894 adversae
738 2834 923 2920 putantur,
949 2844 1090 2920 semper
1115 2818 1268 2895 invictus

197 2949 344 3028 manet,
979 2986 982 2991 -

335 3096 576 3187 Fortunamque
592 3114 685 3164 tuens
700 3114 870 3190 utrumque
884 3113 1004 3174 rectus,

200 3273 242 3333 ut
252 3259 402 3360 pulchre
420 3259 588 3334 Boethius
603 3261 752 3356 cecinit,

334 3431 491 3497 Invictum
506 3431 612 3522 pontis
626 3446 735 3499 unere
750 3430 894 3513 vultum

200 3625 341 3685 tantum
369 3609 468 3684 enim
497 3611 654 3686 trismtur
681 3611 832 3710 quisque
863 3624 899 3683 et
930 3635 1007 3684 non
1038 3610 1191 3710 amplius
1221 3609 1267 3684 de

200 3729 362 3803 absentia
397 3740 434 3800 et
464 3729 620 3803 carentia
651 3728 745 3827 ejus,
776 3726 878 3828 quod
908 3728 1054 3818 amittit,
1091 3740 1267 3826 quantum

199 3847 330 3946 ipsum,
350 3871 435 3921 cum
447 3843 598 3920 haberet
613 3861 650 3920 et
667 3847 885 3947 possideret,
897 3844 1089 3920 adamavit.

250 3963 288 4035 Si
302 3963 409 4060 igitur
423 3959 624 4053 virbonus,
638 3961 811 4058 quisolus
827 3975 862 4034 et
880 3962 1034 4060 sapiens,
1049 3957 1096 4033 ad
1109 3958 1268 4033 honores

200 4093 235 4152 et
262 4078 398 4176 fastigia
431 4079 578 4152 istarum
608 4078 861 4177 temporalium
892 4076 1265 4164 administrationum,

200 4193 307 4266 etiam
325 4218 410 4267 cum
426 4194 478 4268 eis
492 4193 626 4268 utiliter
640 4194 803 4288 inservit,
820 4218 896 4269 nou
908 4190 1062 4267 afficitur
1077 4216 1142 4295 per
1157 4216 1267 4268 amo-
