2946 5070
589 446 701 507 urum
720 445 871 515 remus.
1202 448 1262 515 80!

202 590 331 676 negata
341 575 420 653 suit.
434 575 654 670 Secundum,
666 592 718 671 ut,
731 578 903 674 quoniam
912 600 975 648 rex
988 591 1113 653 nostro
1129 579 1182 650 uti
1194 603 1265 651 ser·

201 691 291 771 vitio
308 693 527 787 decerneret,
548 692 655 767 nobis
672 693 717 767 de
736 692 856 791 aliqua
872 691 1075 783 rationabili
1091 694 1264 792 pensione

199 810 387 909 providere
402 810 528 903 vellet,
546 824 582 885 et
596 835 677 887 eam
694 809 800 889 nobis
811 825 963 885 statuere
977 824 1084 910 atque
1097 811 1265 889 ordinare

200 940 283 1001 ante
299 950 477 1003 recessum
499 941 676 1003 nostrum.
698 929 816 1014 Quam
834 927 1044 1024 petitionem
1065 927 1141 1025 ipse
1158 927 1265 1003 ratio·

200 1034 359 1119 nabilem
379 1037 468 1128 sore,
488 1038 597 1138 idque
616 1037 735 1136 ipsum
755 1039 803 1112 ita
823 1038 1019 1136 intelligere
1036 1054 1072 1114 et
1087 1038 1264 1119 facturum

199 1170 275 1227 esse
300 1154 497 1252 respoudit.

250 1273 331 1359 Qua
354 1271 430 1370 ejus
450 1271 528 1347 sreti
549 1272 793 1370 responsione,
818 1297 883 1371 per
902 1271 1049 1369 aliquod
1065 1285 1207 1371 tempus
1228 1273 1266 1347 in

200 1386 276 1485 ejus
292 1388 391 1467 curia
406 1388 581 1465 demorati
603 1414 749 1482 sumus,
771 1387 960 1463 offerentes
973 1412 1114 1486 semper
1131 1412 1199 1461 nos
1220 1387 1267 1465 ad

201 1503 501 1602 proficiscendum
528 1520 657 1606 praesto
684 1505 774 1599 sore,
806 1506 1109 1604 quandocumque
1142 1505 1269 1581 liberet

202 1623 305 1719 regie
320 1622 521 1704 celsitudini
535 1624 580 1698 de
595 1622 804 1722 hujusmodi
818 1623 991 1720 pensione
1001 1623 1074 1697 sive
1089 1623 1268 1721 stipendio

202 1739 383 1815 ordinare.
400 1732 444 1813 Et
459 1740 613 1815 libenter
630 1739 779 1837 quidem
792 1739 1058 1837 accipiebamus
1076 1740 1177 1838 quod
1192 1763 1268 1819 non

202 1855 275 1931 cito
292 1870 354 1931 ant
375 1859 548 1935 maturius
564 1849 893 1956 super'hujusmodi
913 1856 1102 1937 statuendo
1123 1871 1160 1929 et
1172 1856 1270 1935 ordi·

202 1973 325 2051 nando
345 1973 451 2047 nohis
472 1973 669 2050 honorario
692 1973 951 2072 provideretur.
982 1971 1271 2073 opperiebamur

203 2090 302 2163 enim
317 2080 537 2188 pedetentim
558 2106 599 2166 ut
620 2089 764 2163 hiberni
786 2091 1005 2188 praeterirent
1022 2114 1184 2185 menses,
1208 2092 1271 2189 qui

203 2203 251 2280 ad
265 2205 392 2300 longas
407 2206 710 2303 peregrinationes
734 2205 877 2287 molesti
907 2229 981 2279 esse
1007 2205 1145 2298 solent,
1173 2220 1209 2279 et
1232 2220 1272 2284 ut

204 2320 347 2397 vernale
364 2321 496 2407 rediret
514 2335 672 2420 tempus,
685 2322 828 2420 inquo,
854 2321 884 2395 si
900 2320 1203 2420 proficiscendum
1220 2321 1273 2396 fo

204 2451 280 2530 ret,
311 2439 497 2517 renovatio
525 2438 612 2515 anni
642 2461 810 2513 curarum
838 2437 943 2517 nobis
972 2449 1080 2537 atque
1104 2438 1273 2513 laborum

205 2554 386 2626 molestias
414 2569 609 2651 utcumque
643 2554 799 2626 efficeret
828 2554 991 2626 leviores.
1023 2552 1133 2629 Nobis
1165 2555 1274 2631 etiam
1356 2576 1362 2593 ·

206 2668 383 2748 nonnulla
396 2671 520 2749 adhuc·
530 2697 612 2772 spes
624 2670 794 2773 mquebat
803 2694 922 2766 regem
931 2670 1086 2745 decursu
1101 2660 1274 2769 temporis

206 2784 255 2863 ed
267 2811 334 2862 nos
350 2785 537 2863 deflectere
554 2811 657 2886 posse
672 2786 834 2864 animum
848 2784 1045 2877 mitiorem,
1059 2799 1100 2856 nt
1112 2799 1188 2861 tarn
1202 2809 1276 2865 mo·

207 2902 297 2983 lesto
314 2902 421 2983 nobis
433 2903 556 2983 exsilio
569 2884 675 2997 atque
690 2901 890 3000 longinquo
906 2898 1119 3005 levaremur.
1135 2901 1275 2991 «Quod

208 3021 306 3099 enim
322 3021 414 3097 ratio
434 3019 579 3117 nequit,
597 3044 689 3117 saepe
715 3017 854 3097 sanarit
871 3040 992 3110 mora,
1013 3045 1032 3089 n
1054 3032 1095 3091 nt
1109 3020 1276 3118 Tragicus

209 3139 351 3222 cecinit

263 3256 366 3331 Unde
384 3256 421 3335 in
435 3252 687 3355 prosecutione
702 3251 804 3328 dictae
820 3251 1005 3350 pensionis
1023 3277 1090 3327 nos
1105 3252 1198 3328 duos
1215 3270 1277 3331 aut

211 3385 282 3451 tres
298 3398 438 3447 menses
451 3372 701 3467 transegimus,
723 3369 860 3445 curiam
878 3393 1019 3467 semper
1035 3382 1070 3442 et
1087 3371 1277 3448 consilium

211 3490 349 3588 regium
379 3489 466 3572 illud
494 3513 665 3586 magnum
693 3500 800 3584 atque
829 3485 1017 3584 publicum
1042 3501 1274 3581 ussecnnres,

211 3606 523 3688 comminiscentes
549 3603 730 3683 interdum
759 3616 804 3708 'ut
838 3600 946 3681 uobis
971 3626 1078 3701 super
1105 3603 1278 3701 pensione

212 3724 370 3825 provisio
387 3722 545 3817 daretur,
572 3722 674 3819 cujus
700 3717 777 3793 sola
805 3714 929 3791 dilatio
956 3732 1117 3790 nostram
1140 3719 1279 3819 prosec-

213 3841 350 3923 tionem
364 3839 559 3928 detineren
582 3837 742 3913 modeste
759 3849 880 3913 tamen
896 3847 932 3907 et
951 3833 1086 3932 absque
1102 3834 1278 3933 importu-

214 3959 324 4032 nitate
343 3956 379 4029 id
400 3970 556 4055 agentes.
585 3959 736 4030 Etcum
765 3951 968 4051 frequenter
995 3976 1117 4048 regem
1147 3951 1280 4024 intrare

215 4069 464 4172 hujuscemodi
496 4070 687 4144 consilium
716 4068 938 4163 videremus,
975 4086 1114 4165 nosque
1149 4069 1281 4167 pariter

216 4190 288 4263 illic
303 4190 411 4263 etiam
428 4187 554 4261 sedulo
568 4187 736 4258 interesse
752 4182 903 4283 videret,
918 4206 1080 4287 sepeque
1094 4181 1212 4288 ipsum
1221 4207 1280 4259 ro·
