2946 5070
180 464 238 522 'snt
268 522 271 527 ,
601 462 809 532 aromata,

178 622 302 670 carum
319 595 553 668 collationum
569 618 680 668 onera
699 594 794 668 ultra
814 594 969 695 duplum
992 595 1096 668 illius
1119 597 1263 695 quanti·

180 714 279 805 tatis,
297 733 407 810 mmm
425 710 472 784 ab
486 712 537 784 eis
549 709 739 808 exigebant
753 711 908 809 llnglici,
923 712 1162 786 adauxerint.

228 834 316 918 Quae
340 830 546 928 gravamina
572 842 678 926 atque
699 853 832 923 onera,
856 829 940 902 licet
957 855 1038 903 non
1062 854 1179 931 parva
1207 831 1258 904 lo·

181 960 261 1017 rent
276 971 392 1044 neque
410 945 456 1018 ad
472 944 659 1018 serendum
678 943 794 1018 facilia
809 945 865 1017 his
880 947 943 1044 qui
967 947 1129 1045 priscam
1152 947 1258 1021 liber·

181 1075 290 1134 tatem
312 1087 369 1156 se,
392 1062 512 1159 ejectis
530 1062 705 1161 anglicis,
732 1077 988 1136 consecuturos
1005 1081 1252 1164 speraverant,

182 1179 383 1279 quibusque
408 1180 457 1252 ita
483 1179 620 1252 dictum
650 1181 937 1278 promissumque
977 1181 1119 1274 brerat,
1157 1183 1253 1256 mitia

182 1312 303 1370 nmen
320 1296 417 1369 fuere
429 1296 587 1396 primum
603 1311 638 1369 et
655 1296 926 1395 quodammodo
939 1298 989 1372 ad
1002 1301 1252 1373 sustinendum

183 1412 274 1484 levia
298 1436 424 1484 eorum
444 1413 735 1511 comparatione,
755 1436 835 1509 quae
856 1413 963 1485 etiam
994 1440 1111 1515 supra
1136 1415 1252 1514 hujus·

113 1626 119 1639 .
183 1527 283 1600 modi
307 1527 402 1601 mala
424 1528 620 1607 modernus
647 1553 707 1601 rex
731 1528 934 1601 Ludovicus
956 1531 996 1601 in
1021 1554 1180 1630 regnum
1200 1534 1251 1605 in·

184 1645 289 1717 vexit.
312 1649 403 1717 Nam
429 1661 464 1717 et
486 1646 691 1743 vectigalia,
716 1669 824 1744 supra
840 1670 950 1742 quam
972 1671 1061 1720 suus
1085 1651 1251 1745 exegisset

184 1762 337 1858 genitor,
355 1776 392 1834 et
410 1762 577 1836 collectas
602 1788 666 1834 seu
681 1763 794 1835 tallias
808 1787 922 1862 prope
938 1763 986 1836 ad
1003 1764 1248 1859 medietatem,

184 1878 259 1951 imo
284 1877 388 1950 etad
416 1877 567 1978 duplum
590 1893 626 1950 et
647 1878 794 1977 triplum
819 1903 931 1977 usque
955 1893 991 1951 et
1019 1882 1178 1980 amplius
1197 1908 1251 1954 cu·

186 1994 346 2089 mulavit,
363 2010 399 2068 et
410 1995 696 2067 omniservitutis
708 1996 825 2094 specie
841 1996 942 2092 regni
954 1997 1109 2070 miseros
1118 1999 1252 2071 accolas

184 2115 399 2209 aggravavit.
881 2181 884 2188 ,

235 2228 374 2316 Quibus
381 2228 529 2324 aliisque
541 2228 738 2300 innumeris
747 2227 862 2318 malis,
874 2252 972 2322 cum,
985 2243 1027 2300 ut
1043 2255 1158 2330 supra
1171 2245 1251 2302 retu·

185 2343 307 2438 limus,
329 2354 495 2451 proceres
515 2345 628 2441 regui,
658 2369 740 2415 cum
765 2344 872 2415 unico
888 2343 1052 2439 ejusdem
1066 2348 1168 2445 regis
1185 2372 1251 2444 ger·

185 2484 295 2533 mano
306 2459 459 2552 collecti,
477 2459 613 2531 mederi
630 2484 668 2531 se
686 2459 785 2531 velle
798 2460 1049 2559 promitterent
1065 2476 1102 2534 et
1118 2487 1252 2562 compe

187 2575 343 2649 tentibus
350 2575 528 2669 remediis,
540 2601 586 2647 ne
602 2576 754 2675 amplius
765 2576 1035 2671 invalescerent,
1049 2580 1248 2678 providere,

187 2693 322 2768 obortis
354 2696 472 2768 statim
501 2695 594 2767 inter
620 2695 765 2766 eosdem
789 2693 1028 2767 simultatibus
1055 2711 1091 2768 et
1126 2697 1252 2769 dissen-

186 2811 358 2906 sionibus,
380 2827 530 2885 conatus
545 2835 669 2884 eorum
687 2813 724 2882 in
743 2813 881 2883 irritum
895 2828 1100 2909 cesserunt,
1129 2829 1164 2886 et
1187 2838 1252 2884 me·

186 2929 275 3001 delis
288 2930 369 3023 illis,
384 2929 514 3028 quibus
525 2953 591 3027 pro
604 2929 836 3002 instauranda
846 2955 884 3001 re
895 2929 1041 3029 publica
1055 2944 1094 3002 et
1104 2955 1149 3003 ea
1164 2931 1252 3002 salva

189 3044 351 3120 iacienda
369 3046 533 3119 laborare
549 3071 586 3129 se
603 3045 785 3139 dixerant,
802 3061 838 3118 et
853 3046 900 3119 ad
916 3046 1016 3143 quod
1035 3046 1252 3146 sperandum

65 3258 71 3269 ι
189 3163 352 3234 omnium
384 3163 595 3235 miserorum
616 3177 726 3259 atque
753 3162 948 3235 infelicium
980 3164 1254 3261 provincialium

188 3279 329 3351 animos
344 3293 599 3375 provexerant,
625 3276 864 3377 prohdolor!
886 3277 1039 3352 frustrati
1059 3294 1097 3351 et
1120 3276 1254 3351 vacuati

188 3409 283 3468 sunl.

239 3513 311 3583 Nos
341 3535 438 3606 vero,
464 3513 527 3609 qui
552 3538 675 3587 amore
698 3514 839 3612 justitiae
864 3528 900 3585 et
929 3511 1132 3609 tyrannidis
1158 3513 1254 3603 odio,

190 3652 300 3725 quam
328 3651 468 3724 semper
494 3653 711 3727 omnemque
734 3629 940 3727 injustitiam
968 3643 1003 3698 et
1032 3628 1257 3724 iniquitatem

190 3770 329 3817 summe
353 3747 522 3819 exsecrati
543 3763 578 3819 et
596 3747 790 3820 abominati
815 3771 956 3839 sumus,
977 3770 1046 3844 pro
1070 3760 1196 3818 nostra
1213 3747 1259 3816 vi·

191 3862 246 3933 rili
274 3862 331 3933 his
365 3863 427 3959 qui
454 3862 595 3961 justitiae
624 3863 793 3936 zelatores
823 3861 1084 3961 rempublicam
1114 3885 1259 3959 prorsus

192 3981 400 4053 exstinctam
414 3995 451 4051 et
462 3980 537 4078 jarn
551 3979 691 4079 penitus
705 3981 839 4054 nullam
852 3981 1048 4051 instaurare
1063 4004 1109 4051 ao
1125 3979 1258 4052 salvam

194 4094 321 4188 facere,
355 4111 461 4194 atque
487 4095 534 4169 ab
564 4095 855 4194 oppressionibus
884 4094 1077 4193 tyrannicis
1108 4094 1261 4194 patriam

193 4208 344 4285 liberare
360 4213 450 4285 velle
471 4211 696 4304 videbantur,
723 4237 805 4285 curn
831 4212 1027 4284 innumeris
1050 4212 1137 4283 viris
1156 4210 1264 4283 bonis
