2946 5070
186 488 226 543 Ν
458 480 711 539 fltswmattut
732 481 909 539 lml'lcl
930 482 973 538 11

184 615 294 685 amm
305 614 439 685 civium
448 613 705 710 proscripsisse,
719 627 756 682 et
771 613 965 683 nonnullos
978 612 1095 708 mpite
1103 611 1245 709 puniri,

185 754 340 802 muas
351 743 454 827 praua
467 728 657 800 deditionis
671 727 862 816 habereut,
876 752 898 800 a
911 728 1032 798 multis
1048 726 1243 800 ferebatur.

186 846 257 919 Sed
270 872 317 920 an
331 848 380 919 ita
395 845 499 917 luerit
516 846 633 935 selue,
648 861 872 945 compertum
887 849 983 935 satis,
1000 859 1040 917 ut
1055 845 1141 916 inde
1157 871 1249 918 asse·

189 988 265 1037 rere
282 963 480 1061 quidquam
500 963 662 1052 velimus,
682 963 848 1034 nondum
870 961 1006 1033 habere
1030 961 1245 1059 potuimus¹.

235 1080 468 1147 Camaracum
480 1100 578 1165 vero,
589 1100 668 1172 quae
679 1076 803 1147 civitas
817 1089 868 1146 est
878 1074 1083 1172 imperialis,
1094 1073 1143 1145 ad
1159 1075 1250 1168 regis

189 1207 315 1265 nutum
333 1218 371 1263 se
385 1192 596 1291 hospitalem
613 1193 685 1288 regi
707 1207 814 1287 atque
830 1191 902 1262 suis
914 1189 1082 1287 praebuit,
1098 1189 1200 1261 nulla·
1212 1192 1250 1260 in

187 1309 374 1383 nivernum
391 1310 585 1381 resistentia
601 1310 656 1380 vel
673 1310 843 1380 dilatione
863 1308 969 1395 data;
990 1309 1053 1378 sed
1066 1308 1248 1379 nihilomi-

188 1451 255 1497 uus
267 1451 378 1520 arege
394 1450 525 1521 magno
541 1426 617 1498 aun'
632 1425 755 1523 pondo
772 1427 897 1522 etipsa
909 1425 1078 1497 mulctata
1097 1425 1247 1516 exstitit,

187 1540 233 1613 ad
262 1567 438 1615 summam
466 1566 508 1614 rs
532 1542 643 1613 millia
661 1556 842 1613 scutorum
868 1542 957 1613 auri.
988 1545 1029 1612 Et
1054 1541 1250 1639 imperialia

188 1680 300 1750 mma,
311 1683 389 1755 quae
398 1657 603 1753 abantiquo
617 1658 653 1728 in
665 1659 776 1754 portis
791 1657 940 1729 civitatis
954 1672 1068 1748 erant,
1080 1655 1251 1728 mandato

189 1775 286 1869 regio
302 1775 476 1866 detracta,
495 1799 630 1871 suaque
646 1773 734 1845 inibi
745 1773 920 1845 collocata
931 1773 1085 1845 luerunt.
1104 1773 1250 1844 Dictum
1344 1802 1351 1818 ·

192 1904 311 1964 umen
346 1890 576 1991 postmodum
603 1890 804 1963 audivimus
832 1888 946 1985 (quod
969 1913 1037 1987 pro
1053 1903 1153 1960 certo
1175 1911 1249 1962 non

188 2008 395 2104 babemus)
410 2008 509 2104 quod
527 2032 601 2098 rex,
617 2032 701 2078 cum
718 2006 878 2103 presidia
890 2006 1060 2096 militum,
1072 2029 1165 2101 quos
1181 2004 1251 2075 illic

188 2119 431 2210 habuerat,ad
441 2145 477 2191 se
487 2120 713 2208 revocasset³‚
728 2119 804 2215 ipsa
821 2118 1017 2216 imperialia
1028 2140 1140 2207 arma,
1151 2117 1251 2212 juxta

189 2232 377 2327 antiquum
389 2255 528 2303 morem
537 2255 579 2303 ac
587 2244 783 2321 vetustum,
796 2229 922 2327 reponi
944 2243 1051 2324 atque
1063 2227 1250 2300 instaurari

186 2341 360 2439 jansson
389 2343 616 2437 quanquam‘
636 2343 743 2413 etiam
773 2338 967 2437 quemdam
989 2341 1248 2438 capitaneum‘,

189 2478 296 2550 quem
316 2453 363 2525 ad
380 2453 488 2550 ipsius
515 2454 664 2525 civitatis
691 2453 890 2525 custodiam
922 2452 1126 2550 deputarat,
1152 2452 1251 2524 dam·

191 2580 305 2639 nasset
322 2566 502 2637 restituere
521 2592 593 2636 xxx
611 2566 721 2637 millia
735 2581 916 2637 scutorum
932 2567 1026 2656 auri,
1050 2590 1129 2661 quae
1144 2567 1253 2637 variis

191 2683 322 2779 rapinis
333 2697 367 2752 et
377 2681 671 2753 concussionibus
682 2681 727 2753 de
740 2681 845 2753 bonis
856 2683 1010 2754 ecclesiae
1020 2685 1253 2754 Cameracen-

191 2797 237 2869 sis
252 2810 457 2869 extorserat.
474 2800 578 2868 Fama
594 2798 690 2868 enim
706 2797 858 2868 multum
870 2798 1069 2868 invaluerat
1079 2795 1181 2893 quod
1191 2820 1253 2868 rex

232 3002 261 3058 l.
285 3001 325 3057 Le
338 2997 458 3057 Journal
471 2997 507 3055 de
516 2997 626 3057 Gerard
639 2997 749 3056 Robcrt
761 3017 799 3057 ne
815 2999 980 3057 mentionne
990 3018 1041 3077 pas
1053 2998 1167 3058 d'autrc
1180 2997 1253 3057 ban·

194 3090 347 3151 uiuentem
367 3111 425 3168 que
440 3091 515 3148 celui
533 3090 584 3148 des
604 3091 727 3148 officisis
741 3088 779 3149 tle
798 3091 929 3168 l’abbaye
945 3093 981 3151 de
997 3095 1187 3163 saint-Vaast,
1204 3093 1254 3169 qni

192 3184 305 3243 avaient
316 3184 408 3243 rel'use'
419 3184 456 3243 tle
465 3204 553 3262 payer
563 3185 626 3244 leur
634 3197 698 3242 cote
708 3184 744 3243 de
755 3184 782 3242 la
791 3184 984 3245 contribution
993 3185 1043 3244 des
1056 3190 1094 3246 00
1102 3189 1162 3245 000
1172 3188 1251 3244 ectu.

194 3279 228 3338 Ρ.
241 3279 290 3337 ll.

234 3374 262 3431 0.
286 3369 403 3431 Moliuet
416 3390 454 3428 ne
470 3371 520 3429 lais
534 3390 633 3430 aucun
645 3371 733 3430 doute
748 3371 904 3431 ll-dessus.
923 3374 947 3431 ll
960 3386 1096 3452 rapporte
1109 3375 1204 3431 meme
1217 3393 1254 3432 en

194 3465 274 3542 quus
297 3478 401 3523 tenues
421 3464 506 3523 Louis
523 3469 566 3524 XI
582 3464 678 3522 donna
692 3484 750 3523 aux
764 3465 960 3524 Cambresiens
979 3467 1085 3524 l'ordre
1099 3466 1171 3524 dont
1184 3468 1205 3524 il
1217 3487 1254 3524 va

194 3558 253 3615 ttre
268 3557 369 3635 palli:
389 3579 403 3607 ι
417 3561 462 3612 Au
476 3556 579 3634 regard
599 3555 635 3614 ‹le
651 3577 706 3615 noa
723 3577 832 3629 armes,
848 3579 920 3616 vous
940 3559 981 3616 les
999 3572 1109 3617 osterez
1128 3561 1255 3637 quelque

194 3649 263 3718 uir,
286 3664 313 3707 et
333 3669 350 3724 y
373 3649 483 3724 lugeres
499 3662 595 3707 vostre
609 3649 718 3721 nissen,
733 3664 762 3709 et
780 3651 857 3709 direz
870 3651 941 3728 qu'il
953 3671 1018 3710 sera
1035 3652 1091 3710 alle
1106 3651 1192 3723 joucr
1213 3671 1254 3711 un

194 3763 294 3820 espace
309 3743 345 3801 dc
360 3757 468 3818 tanqu,
484 3757 512 3800 et
528 3763 590 3800 sem
606 3748 740 3801 retourne
759 3766 795 3802 en
815 3766 866 3802 son
883 3746 950 3814 lieu,
969 3746 1040 3804 ainsi
1058 3764 1116 3822 que
1131 3747 1195 3804 font
1214 3747 1254 3804 les

194 3836 365 3901 sciurorum,
381 3836 431 3912 qui
446 3836 613 3895 rerieuuenr
630 3856 678 3892 sur
693 3836 718 3894 le
735 3838 904 3917 printernps.
920 3864 933 3889 s
949 3843 982 3896 T.
998 3843 1043 3907 11,
1058 3839 1105 3897 ch.
1121 3860 1206 3897 mn.

235 3938 263 3993 0.
287 3933 309 3991 ll
333 3933 372 3991 les
395 3952 526 3991 cuuueua
547 3931 705 4001 ltu-meme,
723 3934 907 3992 eonsules
925 3933 1069 4005 Carnbrai,
1091 3936 1117 3992 le
1137 3938 1176 3992 10
1190 3935 1253 4008 juin

195 4029 284 4089 lll8.

235 4126 263 4180 0.
289 4119 382 4179 aluus
394 4123 533 4196 quodque.

236 4218 263 4272 a.
287 4213 372 4273 mun
388 4216 529 4285 unsrun,
544 4216 675 4293 seigneur
688 4215 727 4279 «te
740 4217 768 4276 t·
779 4215 903 4278 chame.
