2896 5070
204 596 210 607 .
307 553 364 610 390
735 549 942 621 reomau,

306 680 504 755 anchoram
524 680 562 752 in
582 676 752 752 omnibus
772 678 879 776 hujus
894 678 1013 753 seem
1036 678 1207 752 fluetibus
1228 702 1275 752 ac
1296 704 1375 779 pro

303 797 442 872 callosis
456 795 727 895 tempestatibus
738 797 867 869 renuet
881 795 1023 869 firmam
1037 811 1148 894 atque
1155 810 1289 891 tutam,
1298 822 1379 870 con·

305 912 456 986 fidenter
474 925 581 1009 atque
602 910 798 1008 gaudenter
818 935 903 984 cum
925 910 1034 984 beato
1051 913 1226 1012 Apostolo
1256 915 1374 988 dicat:

307 1056 325 1099 s
346 1029 472 1102 Placeo
487 1028 577 1100 mihi
590 1028 628 1099 in
645 1026 923 1121 infirmitatibus,
942 1027 980 1099 in
1000 1027 1245 1123 contumeliis,
1262 1030 1301 1102 in
1320 1053 1379 1103 ne·

305 1145 539 1236 cessitatibus,
566 1144 604 1217 in
623 1144 793 1240 angustiis
814 1168 883 1242 pro
909 1144 1064 1217 Christo.
1086 1149 1180 1218 Cum
1201 1147 1302 1218 enim
1324 1147 1377 1219 iu·

305 1262 445 1354 firmor,
466 1275 554 1333 tunc
578 1274 707 1359 potens
732 1284 833 1351 sum,
862 1261 947 1358 quia
973 1262 1086 1334 virtus
1105 1263 1144 1334 in
1171 1261 1377 1338 infirmitate

305 1378 499 1478 perficitur.
523 1407 542 1443 s
565 1378 636 1464 Qui
652 1391 688 1449 et
706 1377 835 1449 iterum
857 1376 942 1450 alibi
967 1401 1044 1461 sese
1064 1391 1100 1450 et
1122 1380 1230 1473 alios,
1248 1381 1377 1478 quibus

305 1495 437 1568 similes
451 1493 669 1593 praevidebat
686 1517 869 1593 pressuras
895 1518 938 1566 ac
961 1493 1214 1570 tribulationes
1236 1514 1378 1571 eventu·

306 1635 376 1704 ras,
403 1611 536 1710 pariter
561 1610 769 1684 confortans
795 1611 894 1682 etin
919 1636 1019 1710 spem
1045 1611 1186 1686 bonam
1208 1615 1375 1714 erigens:

308 1758 326 1793 ι
353 1730 395 1799 ln
420 1726 591 1800 omuibus
616 1756 634 1794 s
662 1727 780 1824 iuquit
808 1757 826 1793 s
847 1725 1118 1801 tribulationem
1138 1732 1321 1828 patimur,
1344 1748 1378 1806 et

307 1867 382 1914 non
401 1842 663 1940 angustiamur3
678 1843 887 1940 aporiamur
897 1857 932 1916 et
944 1867 1019 1915 non
1033 1842 1284 1939 destituimur3
1301 1874 1377 1948 per·

306 1960 528 2032 secutionem
549 1960 719 2059 patimur,
743 1958 906 2032 sednon
930 1961 1235 2059 derelinquimur3
1264 1967 1378 2040 bumi-

306 2075 450 2169 bamnr,
480 2075 543 2149 sed
571 2100 646 2148 non
671 2074 949 2166 confundimur3
978 2076 1183 2175 dejicimur,
1210 2083 1277 2156 sed
1304 2110 1376 2158 uon

306 2191 465 2291 perimus
493 2218 502 2263 :
530 2216 672 2291 semper
700 2191 1013 2266 mortificationem
1044 2198 1128 2268 Jesu
1159 2198 1197 2270 in
1227 2222 1377 2301 corpore

308 2322 432 2399 nostro
447 2308 753 2403 circumferentes·
763 2324 806 2380 ut
818 2323 855 2382 ct
867 2310 940 2382 vita
952 2314 1033 2383 lesu
1050 2312 1089 2383 in
1108 2313 1286 2390 cordibus
1300 2344 1377 2392 uos·

307 2424 371 2495 tris
387 2423 583 2522 aliquando
599 2424 854 2498 manifestetur.
873 2454 890 2495 u
905 2428 971 2499 Cui
980 2451 1065 2499 cum
1077 2433 1184 2505 Patre
1198 2448 1235 2506 et
1248 2435 1376 2534 Spiritu

308 2539 439 2611 Sancto
462 2553 515 2612 est
537 2539 659 2611 honor
682 2555 718 2612 et
741 2539 867 2638 gloria,
894 2554 1050 2641 potestas
1064 2558 1101 2617 et
1122 2546 1319 2649 imperium
1341 2554 1375 2624 in

307 2656 434 2732 secula
450 2656 673 2730 saeculorum.
694 2661 820 2730 brnen.

651 3001 909 3073 CAPITULUM
940 3004 1018 3075 XII.

476 3195 509 3246 In
521 3210 576 3264 qno
587 3191 676 3247 brevis
687 3191 809 3267 epilogus
819 3204 846 3248 et
857 3193 995 3248 conclusio
1006 3194 1089 3249 totius
1100 3197 1202 3270 operis.

352 3363 435 3431 Haec
466 3383 599 3458 pauca,
637 3357 864 3435 dilectissime
896 3363 1015 3455 frater,
1052 3387 1095 3433 ex
1129 3365 1372 3465 copiosissima

302 3478 559 3575 scripturarum
577 3503 699 3552 mensa
715 3479 762 3551 ad
782 3505 935 3578 praesens
949 3480 1166 3580 excerpsisse
1182 3482 1370 3578 suffecerit,

302 3621 350 3669 ne
376 3609 501 3668 nostro
522 3597 641 3669 minus
666 3597 765 3669 culto
790 3611 826 3669 et
854 3598 1019 3696 impolito
1044 3622 1212 3671 sermone
1239 3602 1371 3673 caritati

302 3727 425 3786 vestrae
442 3712 622 3786 fastidium
644 3729 842 3810 generetur.
865 3714 935 3802 Qui
960 3714 1099 3787 etiamsi
1123 3713 1244 3790 lorsau
1268 3719 1372 3790 nimis

302 3832 340 3902 in
361 3830 511 3927 longum
537 3831 727 3924 effluxerit,
754 3831 832 3905 dari
848 3832 992 3905 veniam
1014 3834 1189 3932 petimus,
1209 3837 1274 3932 qui
1298 3862 1371 3910 non

302 3947 455 4019 docendi
477 3973 542 4019 vos
558 3947 690 4041 studio,
713 3962 836 4021 nostra
854 3948 901 4022 ad
920 3948 993 4021 hoc
1008 3973 1078 4049 ope
1103 3951 1255 4026 minime
1276 3953 1373 4026 indi-

301 4048 463 4161 gentem,
489 4065 552 4137 sed
577 4065 745 4164 preclara
767 4067 970 4140 eruditione
1000 4083 1118 4142 vestra
1150 4070 1243 4144 alios
1266 4073 1372 4145 etiam

300 4182 433 4255 utiliter
458 4180 589 4254 docere
614 4198 721 4279 atque
744 4184 918 4257 instruere
943 4195 1144 4285 potentem,
1169 4186 1376 4288 dispendio·

300 4314 380 4369 srsn
404 4297 522 4370 lorsan
539 4312 574 4369 et
593 4298 773 4396 prolixum
798 4298 961 4373 libellum
982 4301 1280 4401 conscripsimus.
1307 4305 1374 4378 Sed
