2946 5070
586 503 697 562 urm
721 496 873 563 ramus.
1066 500 1070 507 ’
1185 462 1262 563 un

200 653 318 712 rantes
340 640 393 711 vel
415 662 458 710 ex
480 637 552 709 hoc
572 636 750 710 dictorum
777 651 982 710 nostrornm
1000 658 1261 738 germanorum

200 753 358 856 pericula
374 757 548 847 minuere,
567 779 651 827 cum
671 779 732 826 rex
748 755 881 826 merito
893 769 1030 828 tantam
1042 753 1208 827 saeviendi
1224 755 1261 825 in

200 896 264 945 eos
280 872 523 964 occasionem,
552 871 664 943 nostri
681 895 808 956 causa,
826 872 975 969 posthac
996 896 1070 943 non
1088 869 1259 963 haberet,

200 987 316 1087 quiin
335 988 445 1079 terra,
464 1010 574 1084 quam
594 985 661 1058 silri
679 985 845 1059 hostilem
864 993 1065 1084 utcumque
1074 980 1137 1059 vel'
1147 988 1263 1059 inimi·

200 1124 280 1177 cam
304 1105 460 1203 reputari
477 1102 719 1194 audieramus,
749 1102 898 1175 minime
915 1085 1151 1177 ⁴volu'is'semt'rs
1173 1128 1261 1176 con·
1292 1154 1299 1186 ,

199 1222 333 1294 sistere.
355 1224 487 1293 Revera
501 1235 586 1292 tunc
600 1245 667 1291 nec
681 1219 860 1292 Sabaudia
879 1245 946 1291 nec
961 1221 1084 1292 civitas
1097 1221 1175 1318 ipsa
1189 1223 1262 1292 Ge·

200 1335 393 1408 hennensis
413 1335 581 1408 adversus
606 1360 689 1408 eum
709 1335 911 1408 iuimicitias
938 1336 1027 1408 ullas
1053 1335 1110 1408 vel
1137 1334 1264 1408 habuit

200 1454 257 1526 vel
287 1453 465 1546 ostendit,
497 1453 579 1526 licet
615 1468 686 1526 tres
715 1452 876 1551 praedicti
909 1453 1069 1548 germani
1103 1453 1264 1552 partibus

199 1569 301 1641 ducis
319 1569 630 1665 Burgundionum,
654 1568 961 1667 quemadmodum
979 1569 1185 1660 retulimus,
1203 1566 1264 1641 adss
1390 1656 1393 1661 .

199 1685 391 1758 haesissent.
422 1690 503 1757 Dux
532 1686 628 1757 enim
656 1685 946 1782 sabaudie,1qui
978 1709 1140 1757 sororem
1173 1687 1265 1781 regis

199 1800 357 1874 habebat
369 1803 407 1873 in
424 1801 645 1899 conjugem¹,
659 1817 695 1875 et
712 1803 813 1898 cujus
824 1822 1031 1898 germanam
1048 1825 1192 1899 quoque
1203 1825 1264 1873 rex

200 1908 301 1990 duxit
320 1918 358 1989 in
376 1922 553 2007 uxorem¹,
578 1918 780 1993 inimicitias
797 1918 913 1990 nullas
935 1917 983 1991 ad
1007 1941 1125 2013 regem
1143 1916 1264 1990 obser·

200 2032 325 2124 vabat3
345 2034 409 2106 sed
424 2059 462 2106 se
478 2048 650 2106 ac'terras
665 2059 747 2107 suas
766 2033 935 2107 omnibus
956 2058 1184 2126 communes,
1204 2058 1266 2105 cu·

196 2151 409 2248 juscumque
422 2150 578 2249 partium
593 2166 657 2222 aut
669 2151 857 2224 nationum
870 2165 1003 2240 essent,
1023 2173 1066 2223 ac
1083 2149 1214 2222 liberas
1229 2165 1266 2221 et

199 2281 293 2340 tutas
331 2266 604 2366 prudentissime
636 2267 835 2356 continuit,
863 2267 986 2340 alienis
1015 2267 1169 2364 querelis
1195 2267 1264 2338 mi·

200 2383 348 2455 nimese
365 2382 548 2480 implicare
565 2382 723 2454 studens.
819 2409 822 2415 ·
911 2416 914 2421 ·

252 2502 362 2571 Porro
382 2522 466 2578 cum
488 2482 659 2571 Busileam
685 2497 962 2603 appulissemus,
982 2513 1024 2571 ut
1040 2523 1100 2571 rex
1121 2498 1167 2571 de
1194 2498 1265 2570 hoc

201 2608 331 2686 certior
353 2613 552 2689 efficeretur
576 2630 612 2686 et
636 2613 888 2714 adpraedictos
911 2630 1058 2688 nostros
1076 2635 1267 2711 germanos

200 2729 319 2799 minus
352 2751 464 2799 saevus
498 2725 719 2815 redderetur,
753 2727 1007 2799 testimoniales
1034 2727 1167 2798 litteras
1200 2749 1265 2823 per

201 2844 388 2944 proprium
416 2843 624 2914 servitorem
651 2840 697 2914 ad
726 2854 829 2915 s'uam
855 2843 992 2914 curiam
1012 2842 1173 2914 misimus
1193 2840 1263 2920 sub

200 2960 315 3055 sigillo
331 2958 480 3032 civitatis
495 2957 669 3055 ejusdem,
690 2973 730 3030 ut
746 2958 779 3030 ei
794 2971 974 3030 constaret
987 2956 1189 3054 quomodo,
1208 2981 1263 3030 re·

201 3076 291 3148 licta·
309 3073 505 3166 sabaudia,
534 3075 605 3146 illic
632 3072 913 3146 consistebamus
943 3087 980 3144 et
1005 3097 1072 3170 pro
1088 3088 1263 3172 tempore

202 3189 712 3289 morabamur,-contraquam
727 3189 907 3268 civitatem
925 3189 1060 3261 nullam
1078 3188 1263 3263 adversam

201 3306 439 3405 suspicionem
464 3305 592 3386 merito
615 3303 749 3378 habere
773 3316 905 3402 posset.
930 3302 1002 3373 Sed
1023 3301 1123 3398 quod
1144 3326 1187 3375 ea
1206 3329 1262 3375 res

206 3424 324 3521 ipsum
345 3423 403 3494 vel
431 3422 477 3494 ad
502 3447 598 3512 nos,
616 3423 673 3493 vel
692 3419 739 3493 ad
761 3419 876 3491 dictos
898 3433 1045 3490 nostros
1073 3442 1263 3516 germanos

200 3537 450 3634 benigniorem
464 3537 647 3628 effecerit,¹
659 3536 861 3610 nullatenus
878 3536 1112 3634 percepimus.

242 3739 273 3799 t.
295 3702 555 3814 voyezeiesssus
569 3755 601 3815 p.
620 3739 689 3795 an.

240 3832 270 3893 2:
289 3829 433 3890 Cherlotte
442 3829 483 3889 'de
496 3824 609 3891 savoie.
