2946 5070
882 315 891 354 l

601 488 711 546 tmen
731 486 884 546 SEXTUS.
1238 483 1275 544 ³3

209 623 377 694 Tornaco
388 620 556 693 exierant.
577 625 688 694 Porro
701 643 786 694 cum
810 640 894 692 suos
910 617 1123 714 Flamingos,
1139 617 1201 715 qui
1216 642 1276 714 pe·

210 733 304 808 dites
318 751 420 809 erant
427 736 563 833 majore
576 761 620 810 ex
629 751 750 835 parte,
766 759 811 808 ne
827 757 935 832 super
950 757 1011 807 eos
1026 732 1275 830 hujuscemodi

210 854 338 925 Franci
351 853 488 950 equites
501 854 695 946 irruerent,
710 852 816 926 vellet
826 865 1010 952 protegere
1022 873 1064 925 ac
1076 849 1272 943 defensare,

209 968 428 1067 praemittens
441 995 597 1045 eoscum
609 968 727 1069 preda
738 992 848 1067 quam
858 967 1025 1058 fecerant,
1037 980 1119 1066 post
1129 965 1275 1039 eosdem

209 1096 249 1154 et
271 1083 365 1157 inter
388 1109 450 1158 eos
473 1102 579 1183 atque
598 1090 752 1158 Francos
780 1084 843 1182 qui
872 1108 955 1155 curn
980 1079 1272 1179 insequebantur,

209 1220 296 1269 cum
309 1197 433 1295 paucis
447 1197 626 1293 equitibus
639 1222 731 1295 quos
740 1194 911 1286 habebat,
924 1218 961 1266 se
973 1192 1167 1266 constituit.
1182 1190 1273 1263 Cum

207 1335 297 1384 vero
323 1313 533 1387 eorumdem
561 1319 780 1388 Francorum
809 1309 1071 1409 insequentium
1086 1308 1273 1405 ,impeturn

207 1425 372 1524 frangere
389 1443 622 1527 pertentaret,
641 1454 748 1529 seque
765 1443 897 1503 temere
916 1426 1069 1499 nimium
1083 1450 1166 1498 cum
1184 1448 1272 1523 pau-

207 1545 261 1616 cis
276 1544 315 1616 in
332 1545 445 1617 multo
466 1547 638 1643 majorem
654 1546 812 1619 hostium
837 1567 1028 1618 numerum
1049 1537 1270 1632 immisisset,

207 1657 256 1733 ab
273 1661 325 1732 eis
340 1661 472 1733 lanceis
485 1676 522 1735 et
536 1661 652 1734 contis
666 1661 865 1754 confossus,
881 1672 1087 1759 peremptus
1106 1671 1158 1729 est
1173 1660 1196 1728 ¹.

256 1779 341 1865 Quo
348 1790 495 1873 accepto
511 1779 653 1870 nuntio,
668 1777 863 1872 Flamingi,
883 1775 945 1873 qui
961 1772 1148 1874 paululum
1163 1771 1211 1847 ab
1227 1798 1271 1846 eo

206 1891 290 1963 loco
313 1889 484 1984 aberant,
500 1893 654 1965 exterriti
676 1907 712 1964 et
734 1891 921 1991 pavefacti,
950 1888 1157 1989 perfugam
1183 1912 1271 1960 con·

206 2005 398 2078 sulendum
423 2006 491 2079 sibi
521 2008 794 2081 aestimaverunt.
823 2011 942 2094 Quam
970 2004 1200 2103 accipientes,
1233 2020 1272 2076 ut

206 2123 334 2195 melius
357 2123 507 2221 quisque
529 2139 686 2223 poterat,
710 2149 798 2214 sese,
821 2124 951 2197 amisso
976 2122 1081 2210 duce,
1100 2121 1138 2207 in
1153 2122 1270 2194 vicina

206 2238 343 2338 oppida
357 2255 590 2339 receperunt;
613 2242 827 2339 fueruntque
842 2240 889 2312 de
905 2240 989 2339 ipsis
1004 2238 1171 2311 nonnulli
1186 2263 1270 2337 per-

203 2357 337 2454 empti,
352 2357 517 2428 nonnulli
533 2358 629 2456 capti
640 2373 675 2429 et
690 2360 891 2431 'fornacum
903 2354 1062 2428 adducti.

252 2471 424 2567 Sequenti
437 2487 557 2544 autem
569 2472 656 2561 die',
676 2497 759 2570 cum
775 2473 885 2545 iidem
901 2472 1027 2544 Franci
1043 2471 1088 2543 de
1104 2475 1267 2543 Toruaco

203 2587 368 2658 exiissent
382 2600 418 2658 et
432 2586 479 2660 ad
491 2588 666 2687 oppidum
680 2593 910 2662 Corteracum
929 2587 1193 2685 pervenissent,
1212 2589 1268 2659 in·

202 2720 379 2778 venemnt
392 2720 490 2777 extra
504 2705 680 2804 oppidum
689 2730 836 2803 magnas
849 2707 972 2804 copias
985 2705 1265 2802 Flamingorum,

202 2820 325 2892 mritis
347 2819 511 2892 curribus
541 2835 577 2893 et
607 2822 781 2894 machinis
810 2820 947 2894 bellicis
972 2820 1197 2894 vallatorum.
1225 2826 1266 2896 ln

201 2961 296 3035 quos
324 2962 408 3012 curn
423 2939 617 3031 irruissent,
645 2940 780 3013 nullam
809 2940 1042 3013 resistentiam
1066 2963 1133 3011 nec
1150 2938 1267 3013 desen·

200 3053 359 3143 sionem,
383 3054 450 3129 nisi
468 3053 580 3127 solam
608 3054 746 3152 fugam,
770 3053 880 3127 iidem
896 3054 1068 3149 Flamingi
1084 3078 1266 3152 opposue-

199 3183 298 3242 runt.
320 3172 442 3267 ltaque
465 3168 613 3269 deipsis
636 3171 801 3244 nonnulli
823 3170 1018 3272 perempti,
1036 3169 1156 3267 plures
1177 3196 1264 3244 vero

199 3286 297 3384 eapti
324 3289 527 3359 Tornacum
553 3285 698 3359 abducti
720 3301 820 3380 sunt,
851 3287 899 3357 ita
927 3301 966 3357 ut
995 3286 1165 3382 gregatim
1180 3303 1264 3360 ante

198 3402 338 3500 equites
353 3407 585 3495 Francorum,
596 3403 705 3477 veluti
721 3403 843 3477 ovium
857 3403 914 3474 vel
927 3417 1172 3476 armentorum
1186 3427 1264 3499 gre·

199 3541 277 3614 ges,
296 3532 483 3614 agerentur
501 3533 609 3616 atque
631 3519 863 3591 minarentur.
883 3516 992 3604 Quod
1020 3519 1261 3615 spectaculum

240 3768 270 3823 l.
292 3762 402 3823 Aslaire
427 3763 466 3824 du
496 3777 568 3843 pont
594 3764 631 3824 de
656 3764 744 3839 chin,
772 3765 838 3845 pris
867 3764 905 3825 de
925 3767 1072 3842 Toumay,
1093 3765 1122 3823 le
1143 3767 1181 3824 28
1197 3766 1260 3840 juin

199 3859 290 3916 titt.
311 3856 399 3915 L’Art
418 3856 455 3916 de
473 3857 588 3916 verifier
606 3858 647 3917 les
668 3858 748 3918 dates
768 3871 826 3918 met
848 3861 864 3916 u
889 3870 946 3917 tort
967 3869 1013 3915 cet
1031 3857 1203 3923 erenemmt
1223 3849 1262 3918 au

199 3952 240 4008 22
260 3949 335 4023 juin.
351 3952 430 4009 Nous
445 3950 611 4030 corrigeons
624 3951 736 4032 d’apres
749 3957 790 4014 M.
808 3955 977 4023 Louandre,
992 3954 1134 4009 Bulletr'ns
1149 3953 1199 4009 des
1212 3973 1262 4009 on·

199 4047 276 4100 mles
291 4045 328 4100 de
344 4048 429 4102 loreis
442 4048 491 4102 XI
502 4049 618 4121 envoyes
633 4048 653 4104 ὰ
666 4043 871 4124 Abbeville,·p.
890 4046 941 4103 22.

240 4139 271 4195 2.
293 4139 334 4196 Le
349 4136 559 4198 surlendemain
574 4141 612 4198 30
622 4139 704 4213 juin,
722 4160 759 4199 au
773 4152 845 4218 pont
858 4136 1033 4217 d'Espierres
1046 4135 1152 4196 devant
1165 4142 1261 4198 Tour-

200 4249 270 4307 nay,
283 4242 313 4288 et
325 4249 384 4291 non
398 4229 504 4290 devant
517 4233 664 4308 Courtrai,
678 4253 790 4296 comme
803 4233 831 4292 le
844 4231 887 4292 dit
906 4231 1038 4291 l’auteur.

302 4342 328 4383 n
1103 4329 1120 4386 3
