2946 5070
591 519 699 575 unna
728 520 907 596 sexsus„
1226 526 1264 583 tr

199 653 404 754 appellant,
444 651 678 749 protexissent
712 667 747 726 et
782 651 1041 747 defendissent,
1080 667 1187 752 atque
1219 681 1264 729 en

199 770 273 845 loci
295 766 343 867 ab
367 769 528 864 ingressu
553 768 674 865 patriae
696 792 767 842 suae
791 772 947 844 Francos
976 768 1261 870 prohibuissent,

200 883 350 959 tandem
379 881 525 956 eosdem
555 883 798 980 aggredientes
820 909 905 959 cum
933 885 1128 983 majoribus
1151 889 1264 988 copiis

202 1003 350 1095 Franci,
369 997 794 1098 firgientibusFlamingis,
813 1003 949 1076 dictum
975 1027 1139 1100 aggerem
1152 1020 1266 1078 trans·

202 1104 356 1194 ierunt¹.¹
369 1104 440 1205 Qui
466 1116 612 1212 ingressi
631 1119 799 1215 patriam,
819 1132 980 1192 montem
1010 1119 1199 1195 Casseleti¹
1229 1136 1266 1194 et

201 1236 339 1310 vicinas
355 1233 454 1308 villas
470 1235 577 1329 longe
589 1234 728 1332 lateque
750 1233 923 1310 incendiis
933 1242 1262 1336 consumpserunt¹,

204 1375 310 1448 agros
320 1349 537 1450 populantes
548 1377 558 1440 3
569 1364 606 1421 et
617 1351 766 1448 captivis
779 1349 942 1425 abductis'
955 1353 1106 1443 colonis,
1120 1354 1183 1450 qui
1198 1353 1266 1427 sibi

203 1479 344 1536 mature
359 1486 424 1560 per
452 1461 572 1557 fugam
593 1463 778 1535 consulere
802 1463 1049 1559 neglexerant,
1080 1489 1164 1536 cum
1192 1489 1266 1538 ma·

203 1580 283 1677 gnis
300 1577 436 1678 spoliis,
452 1592 642 1677 postquam
657 1603 722 1677 per
745 1577 822 1651 dies
849 1579 986 1677 aliquot
994 1605 1058 1678 per
1074 1581 1173 1654 illam
1200 1605 1266 1680 pa·

200 1697 325 1784 triam,
371 1700 452 1766 ea'm
489 1693 676 1783 vastando,
721 1709 985 1793 percturerant,
1021 1694 1067 1768 ad
1097 1698 1263 1795 propria,

203 1813 349 1885 nemine
363 1835 400 1883 se
417 1811 553 1883 eisdem
569 1810 781 1907 objiciente,
805 1809 999 1884 redierunt.

252 1928 392 2012 Similes
414 1928 521 2000 etiam
540 1927 767 2024 egcursiones
779 1927 906 2024 saepius
928 1927 1083 2003 fecerant
1103 1930 1265 2027 presidia

203 2045 379 2137 militum,
398 2067 476 2140 quae
492 2043 642 2116 Tomaci
664 2056 700 2115 et
723 2043 761 2114 in
785 2042 862 2115 aliis
880 2042 1069 2117 limitaneis
1086 2046 1227 2143 oppidis
1244 2071 1265 2119 a

202 2185 285 2257 rege
300 2158 465 2238 ordinata
487 2157 637 2230 fuerant.
659 2158 729 2245 Qui
751 2181 1036 2255 quaquaversum
1067 2184 1172 2257 agros
1188 2183 1266 2234 vas·

202 2290 337 2365 tantes,
363 2275 548 2347 universos
573 2274 745 2363 colonos,
773 2297 901 2345 eorum
920 2274 1073 2347 incensis
1097 2276 1266 2349 domibus

201 2392 251 2467 ad
269 2416 362 2489 quos
383 2414 495 2487 usque
513 2388 735 2463 excurrendo
751 2404 945 2487 potuerunt
962 2394 1161 2490 pervenire,
1180 2418 1266 2492 pro-

203 2508 380 2606 fligarunt.

253 2627 521 2723 Nonnunquam
540 2637 680 2712 tamen,
706 2621 790 2695 licet
805 2634 981 2720 perraro,
999 2624 1109 2721 aliqui
1123 2649 1164 2697 ex
1181 2627 1265 2724 ipsis

203 2743 360 2832 Francis,
382 2757 455 2815 tam
476 2743 514 2814 in
537 2738 702 2812 flandria
724 2763 834 2835 quam
854 2739 891 2810 in
911 2742 1118 2828 Harmonia,
1145 2741 1192 2815 ab
1213 2743 1267 2814 in·

203 2860 293 2933 colis
317 2860 438 2958 patriae
472 2871 508 2931 et
535 2854 706 2954 praesidiis
736 2868 973 2946 armatorum,
1003 2857 1131 2954 quiin
1162 2861 1266 2932 certis

204 2975 347 3074 oppidis
363 2975 409 3047 ad
434 2973 581 3046 tutelam
596 2958 717 3070 patr'iae
733 2971 915 3045 constituti
933 2987 1054 3066 erant,
1080 2973 1264 3075 intercepti

203 3093 366 3184 fuerimt3
384 3092 434 3163 ita
451 3104 493 3161 ut
507 3103 622 3161 metus
641 3088 858 3159 incuteretur
873 3088 923 3160 eis
948 3113 993 3161 nc
1009 3103 1108 3162 tanta
1121 3090 1265 3167 licentia

202 3219 240 3277 et
254 3205 436 3298 facilitate,
460 3219 595 3302 quanta
619 3203 717 3302 prius
735 3203 907 3291 fecerant,
932 3202 1138 3301 hujusmodi
1156 3223 1265 3315 terras

202 3322 377 3395 auderent
403 3335 600 3419 penetrare.
631 3318 863 3409 «Quondam
878 3321 1032 3394 etenim*
1049 3324 1150 3397 victis
1173 3326 1265 3398 redit

205 3469 224 3505 α
244 3439 282 3509 in
298 3435 496 3538 praecordia
511 3438 633 3509 virtus.
660 3466 677 3502 u
699 3440 820 3532 Longa
844 3438 978 3536 quippe
994 3440 1210 3538 experientia
1229 3457 1266 3514 et

203 3553 408 3628 sufferentia
423 3554 617 3639 malorum,
636 3566 742 3649 atque
761 3550 915 3626 subinde
929 3578 1094 3651 premens
1113 3571 1261 3652 egestas,

203 3670 360 3772 populos
390 3670 530 3744 illarum
562 3683 759 3755 terram,
786 3669 901 3766 longae
931 3671 1029 3769 pacis
1059 3674 1133 3746 otio
1158 3677 1266 3747 armis

244 3909 274 3965 l.
297 3908 336 3964 ta
352 3904 525 3964 aodtlls'll.

244 3999 275 4056 ἱ.
297 3998 408 4068 Caesel,
422 3994 605 4071 aujourd'hui
619 3996 690 4055 dans
706 3996 734 4055 le
746 3995 946 4074 departement
959 3998 998 4057 du
1012 3999 1100 4058 Nord.

246 4095 274 4149 3.
297 4091 417 4150 Molinet
435 4092 578 4171 temoigne
594 4091 680 4169 qn'ils
699 4090 899 4150 s'avancerent
916 4091 1031 4171 jusqu’ir
1051 4105 1153 4171 quatre
1177 4092 1265 4151 lieues

205 4184 242 4242 de
253 4183 353 4257 Gand,
369 4185 516 4257 t.11,ch.
532 4206 600 4246 xcv.
1076 4175 1081 4181 ⁸

246 4281 276 4338 l.
298 4279 386 4358 llya
400 4281 486 4338 etiam
500 4279 572 4341 daus
587 4279 703 4361 Virgile.
