2946 5070
326 451 382 508 178
401 501 409 512 ,
595 445 850 503 ntstoutlnmt
869 446 1046 503 Luuovmt
1066 446 1109 502 11

324 599 431 651 causa
451 575 661 670 indulgeret.
688 580 840 672 Eratque
862 600 1007 674 prorsus
1023 577 1151 671 linguae
1166 575 1380 648 disertione¹

323 709 360 767 et
390 691 533 765 dicendi
563 691 705 763 solertia
734 715 866 764 vacuus
897 708 1002 789 atque
1032 693 1192 790 ineptus,
1224 693 1379 788 linguam

324 810 461 884 habens
477 812 703 902 crassiorem,
727 836 793 882 nec
808 811 929 883 valens
944 811 1096 883 litteram
1112 838 1132 880 r
1152 815 1190 885 in
1211 837 1380 909 quacum·

324 954 395 1027 quc
416 927 589 1019 dictione,
612 925 746 1023 absque
766 928 944 1001 indecenti
969 929 1052 1000 satis
1067 928 1197 1023 linguae
1222 930 1381 1001 crassitu-

324 1046 423 1139 dine,
440 1044 610 1143 proferre.

371 1165 460 1234 Tam
480 1185 567 1232 vero
589 1159 761 1256 loquendi
788 1159 913 1232 avidus
937 1174 1029 1252 erat,
1056 1175 1097 1231 ut
1118 1161 1176 1230 vix
1193 1159 1292 1248 aliis,
1321 1161 1381 1258 qni

323 1303 447 1353 coram
470 1276 538 1348 sibi
563 1277 778 1367 assisterent,
797 1277 912 1349 vicem
935 1277 1092 1372 aliquam
1116 1274 1163 1347 ad
1180 1275 1316 1373 aliquid
1330 1276 1382 1348 di·

323 1400 478 1498 cendum
493 1399 623 1471 sineret
636 1399 817 1496 impertiri.
838 1397 941 1471 Unde
953 1421 975 1470 a
987 1397 1145 1494 quodam
1157 1399 1242 1470 satis
1257 1399 1382 1495 insigni

324 1518 400 1587 viro
418 1516 462 1586 de
475 1539 532 1604 eo,
549 1515 697 1587 minime
712 1539 734 1587 a
751 1539 836 1587 vero
853 1515 1023 1608 alienum,
1041 1515 1236 1613 aliquando
1248 1514 1382 1588 dictum

323 1647 392 1720 est,
415 1660 432 1697 a
449 1655 472 1703 a
491 1653 613 1718 mane,
637 1654 710 1727 quo
726 1655 748 1702 a
763 1654 892 1702 somno
916 1646 1091 1726 surgeret,
1119 1655 1160 1702 os
1183 1631 1216 1701 ei
1238 1631 1383 1701 minime

322 1748 459 1849 claudi,
476 1763 511 1819 et
523 1747 682 1843 linguam
693 1747 864 1845 loquendi
879 1772 953 1819 non
966 1772 1101 1820 cessare
1114 1745 1252 1838 offici0,
1269 1745 1384 1818 donec

324 1869 470 1955 iterum,
490 1889 568 1936 scra
582 1879 688 1937 nocte
703 1865 892 1957 redeunte,
914 1866 1029 1962 capite
1046 1864 1092 1936 ad
1118 1863 1271 1935 cervical
1286 1888 1384 1961 repo·

323 1984 411 2075 sito,
439 2005 586 2054 somnus
609 1981 677 2053 sibi
692 1980 864 2078 loquendi
881 1980 990 2053 finem
1022 1982 1234 2079 imponeret.
1258 2009 1276 2045 s
1306 1984 1383 2067 Qua

322 2100 461 2172 ratione
483 2112 578 2169 recte
599 2097 713 2170 fatuus
738 2099 865 2194 aliquis
888 2099 1017 2182 merito
1033 2098 1102 2169 dici
1121 2097 1233 2189 solet,
1254 2095 1302 2168 ab
1320 2096 1383 2167 im·

324 2214 508 2285 moderata
528 2212 661 2284 scilicet
681 2226 717 2284 et
733 2212 922 2285 indiscreta
944 2212 1116 2285 effusione
1134 2227 1242 2311 atque
1263 2212 1384 2308 loqua-

324 2329 440 2400 citate.

372 2442 442 2513 Sed
458 2466 502 2513 ne
520 2444 557 2513 in
573 2443 650 2514 solo
664 2440 827 2515 sermone
846 2439 881 2516 et
896 2444 1108 2518 verbositate
1123 2446 1190 2517 viri
1203 2446 1383 2518 stultitiam

324 2583 427 2658 posse
443 2559 667 2632 manifestare
685 2559 886 2652 videamur,
906 2563 1013 2633 etiarn
1030 2563 1206 2635 nonnulla
1225 2564 1383 2662 exempla

324 2699 419 2771 quae,
445 2689 564 2747 utrum
585 2674 740 2746 hominis
758 2676 967 2772 sapientiam
993 2693 1053 2751 aut
1070 2679 1299 2776 prudentiam
1324 2701 1382 2777 po

325 2793 394 2865 tius
421 2816 530 2888 quam
557 2791 738 2862 stultitiam
761 2791 978 2864 irridendam
1009 2793 1251 2890 praetendant,
1273 2796 1382 2891 legen·

316 2909 414 2980 ¹tium
432 2931 591 2980 censurae
603 2922 709 3003 atque
721 2906 858 3003 judicio
870 2911 1112 3005 relinquimus.

376 3031 455 3097 Non
480 3026 671 3097 reseremus
694 3024 956 3122 expeditionem
979 3052 1087 3124 quam
1108 3027 1279 3101 adversus
1302 3035 1382 3101 leo

325 3142 427 3214 dium
447 3143 624 3213 civitatem
648 3155 684 3211 et
704 3140 935 3232 Leodienses,
967 3166 1058 3237 quos
1080 3145 1117 3214 in
1141 3168 1241 3216 arma
1263 3161 1382 3218 contra

326 3258 511 3346 Carolurn,
552 3257 681 3328 ducem
722 3257 1016 3352 Burgundionum
1043 3260 1182 3358 inclytae
1224 3263 1383 3335 recorda·

327 3375 446 3461 tionis,
463 3375 714 3465 concitaverat,
728 3398 811 3444 curn
826 3374 954 3446 codem
966 3376 1094 3448 Carolo
1106 3377 1199 3450 duce
1213 3381 1379 3477 suscepit,

328 3488 390 3562 ubi
408 3513 550 3560 crucem
566 3490 676 3562 sancti
690 3488 856 3580 Andreae,
880 3505 1050 3587 tanquam
1071 3494 1208 3567 satelles
1228 3500 1381 3593 Burgun-

329 3607 408 3695 dus,
420 3632 525 3703 super
537 3623 672 3678 vestem
684 3608 850 3705 portavit,
867 3623 903 3679 et
917 3611 988 3679 vive
997 3615 1218 3712 Bourgor'gvre
1227 3611 1241 3683 l
1251 3615 1383 3710 magnis

329 3721 462 3795 viribus
476 3722 683 3794 acclamavit
693 3726 720 3812 ’3
740 3747 807 3794 nec
819 3723 975 3795 edictum
986 3725 1030 3797 de
1043 3726 1194 3800 canibus
1205 3729 1380 3815 omnibus,

329 3864 393 3939 per
406 3839 600 3911 Galliarum
621 3838 744 3932 urbes,
765 3841 801 3910 in
823 3841 943 3914 locum
969 3868 1082 3916 unum
1103 3870 1227 3918 coram
1247 3870 1270 3919 a
1287 3873 1325 3920 se
1340 3845 1382 3920 ad

329 3955 401 4026 hoc
434 3954 630 4026 commissis
656 3954 826 4050 cogendis
855 3970 891 4028 et
914 3956 1152 4049 adducendis,
1182 3961 1250 4033 sub
1283 3984 1383 4061 poena

369 4116 398 4169 l.
423 4114 476 4170 Ma.
492 4115 655 4171 desertione.

371 4211 399 4264 2.
423 4208 495 4283 Voy,
513 4219 534 4264 t.
549 4209 590 4277 11,
605 4221 636 4283 p,
653 4207 712 4266 20³
726 4218 755 4264 et
767 4208 838 4268 209.
