2946 5070
497 517 608 574 turult
628 513 830 574 SECUNDUS.
1135 511 1188 568 381

499 781 753 891 crrrruruu
779 783 839 913 ιζ.

459 960 541 1017 Aliud
555 963 706 1034 exemplum
717 959 752 1014 de
765 957 873 1014 eodem·

183 1119 257 1191 Alia
272 1119 418 1216 insuper
439 1132 491 1190 est
515 1115 586 1189 illic
606 1114 842 1206 consuetudo,
863 1111 963 1211 quod
981 1111 1018 1181 in
1035 1110 1197 1183 crimina·

130 1235 224 1308 libus
240 1237 354 1308 causis
370 1259 463 1328 reus,
483 1234 619 1308 etiamsi
633 1247 878 1307 accusatorem
894 1229 1033 1301 nullum
1050 1227 1193 1323 habeat,

131 1351 357 1451 compellitur
382 1351 551 1424 violentia
582 1331 845 1423 tormentorum
874 1363 909 1421 et
936 1347 1194 1444 quaestionum,

130 1467 193 1540 ubi
222 1469 326 1540 nullae
348 1485 450 1541 certae
475 1469 606 1542 adsunt
627 1467 877 1575 probationes,
902 1464 958 1538 rel
983 1466 1118 1539 crimen
1145 1465 1198 1537 in·

130 1600 303 1658 tentatum
322 1586 441 1675 lateri,
461 1585 515 1657 vel
534 1610 572 1657 se
593 1584 723 1656 referre
738 1584 784 1656 ad
802 1585 946 1673 famam,
968 1582 1014 1654 de
1036 1605 1107 1678 qua
1122 1582 1198 1655 sola

131 1700 321 1773 duodecim
339 1701 403 1771 viri
417 1700 660 1773 testimonium
673 1700 799 1772 ferant.
815 1701 931 1786 Quam
946 1697 1102 1796 speeiem
1115 1720 1198 1796 pro·

130 1810 286 1889 bationis
307 1843 325 1884 r
343 1816 544 1912 inquestam
561 1816 682 1914 patriae
700 1844 717 1882 rr
737 1814 931 1915 appellant.
957 1817 999 1883 Et
1024 1813 1106 1884 licet
1128 1813 1197 1885 hu-

127 1931 287 2028 jusmodi
311 1929 503 2005 duodecim
520 1932 588 2004 viri
610 1956 735 2004 omnes
748 1932 869 2028 jurent
884 1955 922 2002 se
937 1930 983 2002 de
1001 1928 1093 2001 lacto
1110 1929 1200 2002 nihil

131 2049 274 2146 penitus
287 2072 393 2120 nosse
409 2073 472 2120 seu
488 2049 591 2140 scire,
612 2049 641 2118 si
663 2063 781 2119 tamen
802 2046 960 2143 inquisiti
977 2045 1065 2143 quid
1081 2047 1200 2145 potius

131 2162 291 2256 credant,
311 2177 472 2235 asserunt
488 2163 543 2235 vel
560 2188 686 2235 omnes
710 2163 767 2234 vel
787 2161 903 2259 major
917 2184 1043 2234 eorum
1064 2185 1147 2259 pars
1162 2186 1200 2234 se

131 2280 251 2378 potius
265 2279 409 2353 credere
425 2281 611 2353 hominem
628 2306 728 2353 reum
746 2304 856 2379 quam
878 2280 1084 2374 innoxium,
1104 2306 1200 2353 con-

132 2393 360 2470 demnabitur
381 2422 445 2496 per
470 2398 543 2471 lroc
565 2396 613 2471 ad
637 2385 802 2490 mortem,
828 2397 928 2469 nullo
951 2396 1200 2496 appellationis

132 2513 186 2585 vel
206 2515 356 2612 querelae
375 2513 534 2587 remedio
560 2516 596 2586 in
615 2515 836 2588 contrarium
853 2513 921 2586 sibi
940 2539 1101 2612 unquam
1116 2516 1201 2588 vali·

133 2643 226 2700 turo.
244 2630 367 2723 Quod,
386 2630 513 2730 procul
529 2620 657 2722 dubio,
672 2629 777 2704 valde
793 2630 959 2726 iniquum
975 2643 1011 2700 et
1026 2630 1201 2727 periculo·

132 2745 309 2818 sissimum
326 2771 401 2819 esse
415 2746 569 2839 videtur,
586 2770 670 2816 cum
684 2745 722 2816 in
737 2744 994 2838 criminalibus,
1007 2747 1201 2843 praes'ertim

133 2861 178 2933 ad
200 2860 448 2934 damnandum
469 2887 569 2934 reum
591 2860 718 2935 ultimo
738 2862 934 2960 supplicio,
955 2861 1112 2935 debeant
1127 2888 1201 2936 esse

133 2976 364 3074 probationes
389 2976 469 3049 luce
499 2976 698 3049 meridiana
729 2975 917 3064 clariores,
946 2992 981 3048 et
1011 2978 1131 3051 nullus
1157 3004 1200 3052 ex

132 3092 395 3192 suspicionibus
411 3094 466 3165 vel
489 3095 583 3165 fama
599 3094 643 3165 sit
664 3092 904 3183 damnandus,
924 3109 965 3165 ut
981 3094 1075 3191 leges
1090 3111 1125 3168 et
1141 3121 1201 3170 ea·

135 3235 247 3281 nones
272 3209 456 3282 manifeste
481 3223 685 3281 sanxerunt.
712 3208 819 3295 Quod
847 3210 876 3280 si
905 3211 983 3306 quis
1008 3227 1145 3308 arguat,
1172 3215 1201 3287 si

135 3348 208 3395 non
228 3323 276 3396 ita
292 3325 366 3417 fiat,
387 3325 593 3420 contingere
606 3348 717 3422 posse
734 3324 833 3422 quod
851 3350 943 3424 sape
960 3327 1110 3402 crimina
1128 3355 1201 3402 ma·

135 3455 243 3512 neant
270 3441 463 3540 impunita,
495 3439 744 3513 deficientibus
776 3440 1051 3539 probationibus
1078 3447 1199 3542 certis,

135 3554 327 3654 respondet
343 3556 398 3628 lex
415 3557 540 3649 civilis,
555 3580 763 3654 quanquam
776 3557 812 3628 id
833 3559 1091 3633 inconveniens
1108 3562 1152 3634 sit
1167 3579 1203 3636 et

135 3695 209 3742 non
224 3695 375 3770 parvum
394 3671 432 3741 in
456 3669 640 3769 republica
657 3669 750 3743 bene
767 3673 937 3768 regulata,
960 3690 1078 3748 tamen
1095 3679 1204 3751 satius

136 3787 249 3861 multo
270 3814 345 3862 esse
361 3790 497 3861 crimen
514 3791 676 3862 nocentis
692 3815 838 3863 manere
857 3793 1075 3890 impunitum
1093 3820 1202 3891 quam

135 3905 263 4001 punire
279 3906 533 3976 innocentem:
556 3905 656 4002 quod
675 3905 893 4002 frequentius
916 3908 1059 3979 evenire
1078 3910 1203 4007 procul

136 4018 250 4091 dubio
267 4036 402 4119 potest,
421 4023 449 4092 si
469 4045 549 4093 reus
571 4022 768 4119 postulatus
781 4048 823 4095 er
846 4024 922 4095 sola
938 4023 1033 4096 lama
1054 4026 1111 4097 vel
1127 4052 1203 4099 cre·

136 4135 257 4210 dentia
271 4138 474 4236 aliquorum
492 4138 694 4231 damnetur,
712 4155 819 4238 prout
835 4141 990 4214 admittit
1006 4142 1101 4216 dicta
1114 4168 1201 4218 cou-

136 4253 302 4326 suetudo.
