2946 5070
298 503 336 560 20
570 496 826 555 mstoumtttu
847 496 1024 555 mnovtct
1044 496 1086 553 xl

298 658 385 706 num
403 630 637 722 Badeusium,
659 630 765 703 frater
776 643 810 701 et
826 627 918 700 filius
934 626 1089 699 duorum
1105 629 1357 703 marchionum

297 749 360 846 qui
369 747 549 818 novissimi
561 746 714 836 fuerunt,
725 760 761 816 et
772 761 917 843 patruus
933 743 1098 816 moderni
1108 745 1354 819 marchionis¹.

299 869 410 935 Porro
434 877 516 934 ante
543 863 758 960 praemiserat
775 861 870 933 idem
889 863 1082 959 imperator
1100 863 1294 959 quemdam
1310 866 1360 936 vi-

298 1005 377 1052 rum
408 979 667 1071 venerabilem,
686 979 938 1050 cancellarium
968 1004 1094 1073 suum,
1124 980 1357 1074 Georgium¹,

298 1097 504 1198 Apostolicae
529 1095 622 1168 sedis
646 1095 955 1192 protonotarium,
971 1094 1033 1191 qui
1051 1093 1238 1191 diligenter
1251 1111 1358 1192 atque

297 1211 467 1306 sagaciter
483 1210 682 1307 exploraret
694 1232 740 1279 an
753 1233 808 1280 res
822 1208 869 1279 ad
884 1208 1119 1280 intentionem
1139 1233 1240 1282 suam
1255 1209 1360 1309 perfi-

297 1326 463 1399 ciendam
473 1325 788 1424 disposittelorent,
809 1326 857 1396 ita
874 1338 914 1394 ut
927 1349 1001 1394 non
1015 1325 1166 1396 inaniter
1173 1342 1209 1398 et
1224 1327 1359 1398 infruc-

296 1457 398 1514 tuose
415 1458 488 1514 tam
502 1441 668 1513 solemnis
680 1439 809 1535 legatio
828 1440 1000 1513 mittenda
1015 1465 1129 1538 prore
1145 1456 1243 1514 tanta
1264 1443 1360 1514 vide·

298 1573 406 1629 retur.
426 1562 545 1652 Longe
564 1556 725 1654 prolecto
753 1554 920 1628 differens
933 1572 1007 1628 erat
1026 1556 1072 1628 ab
1092 1581 1135 1629 ea
1152 1583 1262 1655 quam
1276 1584 1357 1647 rex,

300 1675 351 1744 uti
362 1674 532 1772 diximus,
549 1672 657 1772 paulo
671 1687 753 1744 ante
766 1673 928 1763 miserat,
940 1673 1003 1768 qui
1019 1697 1123 1744 suum
1135 1672 1361 1746 barbitonso-

298 1817 374 1863 rem
406 1816 473 1890 pro
495 1816 533 1862 re
556 1793 645 1863 tanti
676 1792 848 1862 momenti
875 1791 1030 1886 legatum
1066 1792 1233 1879 miserat,
1262 1793 1358 1883 talis,

298 1908 440 2007 qualem
465 1908 636 1997 diximus,
667 1909 896 2003 cognomenti
928 1906 1031 1979 titulo
1062 1931 1129 2004 pro
1144 1910 1233 1983 ,suis
1257 1907 1362 1981 claris

298 2026 432 2097 meritis
456 2025 673 2119 insignitum.

348 2145 468 2237 ltaque
480 2166 563 2212 cum
575 2140 822 2235 cognovissent
834 2137 968 2235 praelati
983 2138 1087 2233 legati
1100 2138 1188 2235 quid
1201 2164 1266 2238 per
1279 2166 1364 2238 prae-

299 2256 409 2327 latum
426 2257 614 2327 dominum
630 2255 824 2348 Georgium
842 2278 948 2351 super
972 2279 1022 2343 re,
1049 2279 1116 2352 pro
1132 2279 1203 2351 qua
1224 2257 1364 2353 prosec·
1412 2259 1417 2267 '

300 2373 368 2442 turi
386 2385 499 2460 erant,
516 2371 629 2443 fuerat
645 2385 894 2469 praeparatum,
909 2396 990 2443 cum
1008 2397 1070 2470 spe
1083 2371 1182 2444 bona
1198 2354 1364 2472 potiundi

300 2489 429 2586 optatis
446 2502 481 2559 et
492 2489 620 2586 cupitis
634 2489 854 2584 praesentiam
872 2487 981 2584 ipsius
994 2489 1209 2587 principissae
1229 2507 1366 2564 mature

299 2605 489 2701 petierunt.
510 2605 574 2674 Cui
594 2627 694 2691 cum,
715 2627 837 2674 coram
853 2606 938 2691 suis,
957 2606 1200 2700 exposuissent
1216 2607 1367 2703 qualiter

301 2721 393 2790 inter
412 2718 682 2789 illustrissimum
703 2719 910 2816 pradictum
933 2719 1201 2816 imperatorem,
1226 2737 1366 2821 patrem

303 2835 365 2908 filii
384 2838 479 2908 unici
500 2837 747 2926 Maximiliani,
767 2850 803 2907 et
825 2835 952 2906 inclitae
976 2837 1232 2912 recordationis
1256 2845 1365 2914 Caro-

303 2954 395 3042 lum,
412 2953 541 3024 ducem
559 2977 674 3050 nuper
689 2951 914 3038 defunctum,
936 2953 1131 3048 genitorem
1148 2957 1256 3053 ipsius
1270 2959 1368 3055 prin·

305 3070 455 3167 cipissae,
479 3069 732 3167 promissiones
754 3083 860 3164 atque
886 3071 1095 3166 sponsiones
1113 3069 1259 3144 lirmatae
1280 3073 1367 3147 suis-

305 3201 384 3257 sent
402 3184 446 3256 de
463 3182 667 3281 copulando
683 3184 774 3253 inter
789 3206 826 3252 se
841 3184 1008 3279 conjugio
1030 3186 1175 3258 eosdem
1195 3188 1366 3262 illustrem

305 3299 583 3372 Maximilianum
606 3314 713 3396 atque
737 3299 851 3396 ipsam
879 3301 1139 3398 principissam,
1171 3301 1215 3374 de
1239 3304 1366 3402 hisque

345 3494 374 3548 l.
399 3492 525 3566 Georges
543 3487 579 3545 de
600 3487 692 3558 Bade,
713 3487 823 3565 evaque
841 3488 877 3546 de
893 3492 983 3560 Meu,
1004 3490 1072 3549 etait
1092 3491 1135 3548 fils
1154 3490 1193 3551 du
1217 3513 1368 3574 mar-grave
1408 3552 1416 3568 ,

305 3588 445 3660 Jacques‚
469 3592 544 3637 mort
563 3599 599 3637 en
618 3582 713 3651 1453,
730 3593 758 3637 et
776 3581 851 3639 frere
868 3582 906 3639 du
925 3602 1074 3661 margrave
1090 3584 1221 3660 Charles,
1236 3601 1313 3648 mort
1330 3610 1367 3649 en

306 3677 396 3734 llll).
413 3679 453 3733 Le
467 3693 617 3752 margrave
629 3674 734 3746 actuel,
750 3694 802 3733 son
816 3695 921 3751 neveu,
936 3677 1004 3735 etait
1016 3676 1203 3757 christophe,
1217 3682 1268 3759 qui
1282 3684 1368 3743 secut

302 3769 438 3846 jusqu’en
456 3771 545 3827 1527.

347 3867 376 3921 2.
398 3865 422 3922 ll
437 3877 479 3922 est
493 3865 609 3922 nomme
621 3863 714 3923 Joon‘s
731 3864 767 3922 de
780 3866 942 3925 Herstelere
955 3866 1026 3926 dans
1040 3869 1067 3926 la
1080 3868 1241 3931 minutedu
1255 3887 1368 3934 contrat

306 3958 342 4016 de
362 3958 486 4036 npriage
501 3957 536 4014 de
552 3957 580 4015 lu
594 3956 753 4028 duchesse‚
774 3957 823 4035 qui
838 3973 880 4017 est
894 3979 951 4018 aux
966 3961 1104 4020 Archives
1123 3963 1312 4042 provinciales
1332 3966 1369 4026 de

306 4053 333 4111 la
355 4052 478 4111 Flandre
497 4050 684 4110 occidentale.
707 4053 867 4129 Chrom'que
884 4056 935 4112 des
951 4058 1022 4132 faits
1040 4072 1068 4114 et
1087 4073 1176 4134 gestes
1196 4063 1368 4120 adnrlrables

306 4149 343 4202 de
356 4147 540 4203 Maximitien
554 4148 581 4215 1,
596 4143 749 4202 translatae
762 4143 799 4201 de
812 4145 935 4205 flamand
950 4168 986 4207 en
1003 4150 1125 4226 franceis
1138 4168 1191 4227 par
1204 4153 1268 4209 Oct.
1287 4155 1369 4213 Dele-

306 4239 399 4323 pierre
413 4246 424 4315 (
433 4239 579 4298 Bruxelles
588 4281 597 4310 ‚
613 4239 713 4315 1839),
730 4258 760 4317 p.
776 4241 844 4298 tta.
