2946 5070
593 452 704 511 unes
724 451 874 510 PRIMUS.
1205 452 1260 512 Ιῖί

203 582 352 682 obsequi
366 598 403 656 et
416 583 662 683 obtemperare
672 580 829 681 jussibus
850 596 885 654 et
901 582 1078 655 voluntati
1092 606 1177 655 eum
1188 583 1264 680 jus·

202 714 280 773 turn
296 713 332 773 et
347 713 509 789 sanctum
525 700 622 800 apud
639 704 754 773 Deum
770 714 806 773 et
817 698 995 788 homines,
1011 699 1112 800 omni
1123 697 1263 796 abjecta
1373 706 1378 717 ⁴

200 814 435 909 hesitatione,
450 814 672 900 duceremus,
691 813 767 888 zelo
780 814 921 911 justitia
937 828 974 889 et
990 838 1058 915 pro
1075 837 1138 909 ea,
1154 839 1265 913 quam

201 929 375 1005 debemus
390 932 438 1005 ad
461 934 632 1032 patriam,
653 932 797 1006 caritate
811 932 983 1030 permoti,
1003 956 1135 1007 munus
1146 931 1266 1029 hujus·

200 1047 302 1123 modi
325 1049 512 1146 legationis
532 1049 720 1149 spontanei
745 1063 781 1121 et
795 1048 928 1122 alacres
950 1049 1186 1148 suscepimus,
1205 1048 1266 1125 eli·

200 1179 323 1262 gentes
336 1167 475 1265 potius,
500 1167 530 1238 si
545 1166 612 1238 Dei
625 1164 850 1264 providentia
866 1164 903 1238 id
921 1163 996 1238 fieri
1016 1163 1262 1263 disposuisset,

199 1306 268 1381 pro
287 1283 487 1381 patrocinio
516 1297 623 1379 atque
651 1280 858 1357 defensione
883 1281 1038 1356 veritatis
1064 1296 1101 1365 et
1123 1283 1265 1378 justitia

200 1400 275 1496 pati
291 1399 522 1499 supplicium,
538 1422 648 1496 quarn
669 1421 736 1497 pro
757 1396 963 1473 adulatione
979 1411 1015 1471 et
1029 1399 1266 1474 assentatione

200 1515 361 1588 mortalis
389 1514 547 1589 hominis
577 1514 832 1613 quodcumque
862 1515 1034 1611 consequi
1070 1515 1265 1614 temporale

200 1627 429 1705 beneficium.
450 1635 574 1729 Neque
597 1627 852 1727 ignorabamus
874 1654 896 1705 a
916 1630 1073 1722 Domino
1087 1643 1129 1703 et'
1143 1632 1265 1705 Salva·

200 1760 279 1820 tore
292 1763 440 1847 propter
452 1747 524 1822 hoc
537 1748 730 1846 repositam
743 1746 887 1846 optimae
901 1745 1163 1843 consequendae
1176 1773 1267 1822 mer·

201 1861 298 1933 cedis
322 1887 445 1961 spem;
473 1888 582 1962 quern
605 1864 712 1936 etiam
730 1864 768 1934 in
784 1876 910 1936 testem
927 1860 1097 1937 audacter
1120 1865 1266 1940 invoca·

201 2004 283 2052 mus
305 1980 419 2078 quod,
444 2006 519 2052 non
544 1981 692 2078 alicujus
715 1980 805 2052 lucri
829 1995 891 2052 aut
915 1980 1160 2078 consequendi
1179 1995 1266 2055 tem·

200 2096 623 2195 paralisbonorisgratia‚
636 2095 699 2169 sed
710 2121 777 2197 pro
789 2094 899 2170 solius
908 2095 1265 2195 Deietproximorum

200 2208 415 2310 dilectione,
442 2239 596 2314 quorum
613 2239 739 2291 omnes
762 2211 1032 2290 necessitudinis
1049 2229 1168 2315 partes
1193 2240 1267 2291 una

200 2331 238 2402 in
262 2333 414 2428 patriam
430 2334 557 2406 caritas
585 2332 854 2431 complectitur5
879 2330 952 2403 hoc
973 2329 1160 2429 legationis
1186 2331 1266 2404 otn-

200 2443 298 2514 cium
313 2445 533 2543 suscepimus
555 2445 769 2542 injunctum.

251 2558 434 2634 Adivimus
459 2562 601 2660 itaque,
625 2558 769 2639 duobus
788 2560 932 2658 collegis
948 2557 1054 2633 nobis
1066 2560 1262 2659 adjunctis,

200 2674 364 2749 videlicet
380 2677 530 2752 domino
547 2683 714 2753 Brunone
733 2675 780 2755 de
803 2680 1106 2775 Longo-CampO,
1131 2678 1262 2774 milite,

202 2805 237 2860 et
254 2791 432 2865 Richardo
457 2792 503 2864 de
523 2792 689 2884 Essartis,
717 2789 832 2864 nobili
849 2793 929 2864 viro
938 2795 961 2883 ¹,
979 2791 1144 2890 praelatos
1166 2793 1264 2866 illus·

203 2907 374 2981 trissimos
389 2908 591 3008 principes,
610 2906 816 3008 Philippum
832 2908 1029 3003 genitorem
1045 2921 1082 2981 et
1093 2908 1265 2982 Karolum

202 3023 278 3120 ejus
294 3022 438 3097 filium'.
459 3028 503 3096 Et
518 3024 650 3123 primo,
664 3022 767 3121 juxta
779 3021 881 3101 datas
896 3020 1003 3096 nobis
1014 3024 1266 3098 instructiones

242 3214 272 3272 l.
294 3213 405 3272 Brunet
427 3212 464 3271 de
480 3211 686 3293 Longchamp,
711 3210 867 3286 chevalier,
896 3214 1030 3292 seigneur
1053 3213 1091 3274 de
1116 3215 1263 3290 Naudlle,

201 3305 353 3365 conseiller
364 3318 393 3365 et
405 3304 586 3366 chambellan
601 3307 640 3366 du
654 3306 726 3379 duc,
742 3319 771 3365 et
783 3306 888 3366 Cardin
902 3305 952 3365 des
965 3311 1092 3381 lassaris,
1106 3307 1222 3388 ecuyer.

242 3401 273 3458 2.
295 3400 373 3459 Ilest
385 3401 495 3459 certain
509 3421 567 3480 que
576 3398 699 3460 Thomas
709 3401 794 3460 Basin
804 3418 843 3459 ne
856 3400 943 3482 partit
955 3420 1007 3482 pas
1018 3421 1055 3462 en
1068 3403 1163 3463 meme
1172 3418 1265 3495 temps

201 3510 260 3569 que
273 3512 321 3553 ces
334 3494 412 3554 deux
430 3512 636 3576 personnages,
651 3494 722 3574 qu‘il
736 3513 754 3553 a
771 3493 836 3568 de'ja
848 3496 979 3554 nommes
992 3512 1106 3556 comme
1118 3516 1164 3558 ses
1176 3498 1265 3558 colle·

202 3606 272 3666 gues
288 3588 360 3648 dans
373 3608 431 3648 son·
439 3584 564 3648 histoire
579 3589 616 3648 de
629 3588 717 3648 Leuis
726 3591 770 3649 XI
782 3590 815 3662 (t.
833 3592 874 3663 11,
890 3609 919 3667 p.
937 3592 1019 3666 157).
1032 3593 1077 3650 0n
1090 3590 1123 3648 lit
1136 3591 1208 3650 dans
1222 3592 1265 3652 les

202 3679 387 3739 insunctions
405 3680 492 3739 d'une
504 3679 672 3741 ambassade
689 3680 819 3759 envoyee
836 3684 889 3760 par
907 3681 993 3740 Louis
1006 3683 1047 3742 XI
1058 3702 1097 3741 au
1115 3692 1211 3742 comte
1228 3681 1265 3742 dc

203 3770 349 3831 Ciraroiais
359 3796 365 3832 :
376 3798 391 3826 ι
403 3777 478 3852 Mgr.
491 3773 744 3834 Charlesaenvoie
752 3773 855 3832 devers
863 3771 975 3833 mondit
983 3773 1117 3854 seigneur
1127 3773 1165 3834 de
1172 3773 1263 3835 Char·

203 3865 291 3924 rolois
304 3867 421 3927 messire
434 3870 543 3926 Bnmn
554 3867 591 3926 de
603 3868 821 3948 Loinchampet
832 3867 936 3928 Cardin
949 3867 1001 3926 des
1012 3872 1124 3940 lissam,
1136 3881 1166 3927 et
1180 3869 1265 3947 apres

203 3957 350 4040 l’evesque
361 3961 397 4021 de
409 3963 526 4022 Llsleus
539 3962 692 4038 a;etdans
706 3982 764 4022 une
773 3962 858 4023 lettre
868 3962 957 4021 sente
970 3963 998 4021 le
1010 3964 1049 4022 22
1060 3961 1174 4036 jauricr
1188 3962 1266 4023 lida

205 4042 259 4130 pai
271 4053 299 4113 le
314 4054 370 4114 duc
383 4055 421 4114 de
434 4059 607 4139 Bourgogne
619 4074 658 4116 an
671 4055 729 4115 duc
741 4053 780 4114 de
791 4053 966 4116 Normandie
978 4054 1128 4114 lui-meme
1143 4077 1149 4113 :
1169 4080 1182 4106 ι
1200 4054 1265 4132 J’ay

205 4164 291 4207 reoeu
304 4169 359 4208 voe
371 4150 489 4249 leetres,
504 4170 561 4230 qne
573 4150 711 4231 eseriptes
725 4150 835 4210 m'arez
851 4168 904 4230 pas
921 4166 976 4208 roe
992 4168 1063 4242 gens
1075 4161 1104 4208 et
1116 4146 1266 4209 ambassa-

205 4238 314 4318 deurs,
333 4246 404 4304 c'eet
419 4245 547 4305 assavmr
562 4244 786 4325 prmlerement
797 4262 852 4323 par
869 4243 987 4304 nesure
1001 4242 1107 4303 nmaet
1117 4241 1158 4303 ’de
1169 4247 1265 4323 long·
