<?xml version="1.0" encoding="UTF-8"?>
<!DOCTYPE html PUBLIC "-//W3C//DTD XHTML 1.0 Transitional//EN"
    "http://www.w3.org/TR/xhtml1/DTD/xhtml1-transitional.dtd">
<html xmlns="http://www.w3.org/1999/xhtml" xml:lang="en" lang="en">
 <head>
  <title>
</title>
<meta http-equiv="Content-Type" content="text/html;charset=utf-8" />
  <meta name='ocr-system' content='tesseract 3.04.00' />
  <meta name='ocr-capabilities' content='ocr_page ocr_carea ocr_par ocr_line ocrx_word'/>
</head>
<body>
  <div class='ocr_page' id='page_1' title='image "./histoiredesrgne00amelgoog_0315.png"; bbox 0 0 2896 5070; ppageno 0'>
   <div class='ocr_carea' id='block_1_1' title="bbox 255 111 890 181">
    <p class='ocr_par' dir='ltr' id='par_1_1' title="bbox 255 111 890 181">
     <span class='ocr_line' id='line_1_1' title="bbox 255 111 890 181; baseline -0.006 -7"><span class='ocrx_word' id='word_1_1' title='bbox 255 116 314 174; x_wconf 62' lang='grc' dir='ltr'><strong>Ἀθ</strong></span> <span class='ocrx_word' id='word_1_2' title='bbox 681 111 890 181; x_wconf 55' lang='lat' dir='ltr'><strong>&amp;Pomm-i,</strong></span> 
     </span>
    </p>
   </div>
   <div class='ocr_carea' id='block_1_2' title="bbox 199 241 1322 2544">
    <p class='ocr_par' dir='ltr' id='par_1_2' title="bbox 199 241 1322 2335">
     <span class='ocr_line' id='line_1_2' title="bbox 304 241 1316 345; baseline 0.003 -27"><span class='ocrx_word' id='word_1_3' title='bbox 304 245 412 335; x_wconf 90' lang='lat' dir='ltr'><strong>Quod</strong></span> <span class='ocrx_word' id='word_1_4' title='bbox 434 244 595 345; x_wconf 58' lang='lat' dir='ltr'><strong>mosccto</strong></span> <span class='ocrx_word' id='word_1_5' title='bbox 619 268 695 319; x_wconf 88' lang='lat' dir='ltr'><strong>noc</strong></span> <span class='ocrx_word' id='word_1_6' title='bbox 719 243 872 317; x_wconf 75' lang='lat' dir='ltr'>dicimus</span> <span class='ocrx_word' id='word_1_7' title='bbox 894 241 1217 342; x_wconf 76' lang='lat' dir='ltr'><strong>quod&#39;nosbouos</strong></span> <span class='ocrx_word' id='word_1_8' title='bbox 1244 270 1316 321; x_wconf 86' lang='lat' dir='ltr'><strong>esse</strong></span> 
     </span>
     <span class='ocr_line' id='line_1_3' title="bbox 254 358 1319 460; baseline -0.001 -24"><span class='ocrx_word' id='word_1_9' title='bbox 254 363 311 436; x_wconf 83' lang='lat' dir='ltr'><strong>vol</strong></span> <span class='ocrx_word' id='word_1_10' title='bbox 326 362 465 434; x_wconf 85' lang='lat' dir='ltr'><strong>virtutis</strong></span> <span class='ocrx_word' id='word_1_11' title='bbox 480 359 615 460; x_wconf 84' lang='lat' dir='ltr'><strong>aliquid</strong></span> <span class='ocrx_word' id='word_1_12' title='bbox 635 360 675 434; x_wconf 91' lang='lat' dir='ltr'><strong>in</strong></span> <span class='ocrx_word' id='word_1_13' title='bbox 699 358 806 433; x_wconf 86' lang='lat' dir='ltr'><strong>nobis</strong></span> <span class='ocrx_word' id='word_1_14' title='bbox 824 360 989 435; x_wconf 74' lang='lat' dir='ltr'>exsistere</span> <span class='ocrx_word' id='word_1_15' title='bbox 1006 374 1217 457; x_wconf 73' lang='lat' dir='ltr'><strong>arroganter</strong></span> <span class='ocrx_word' id='word_1_16' title='bbox 1232 384 1319 435; x_wconf 81' lang='lat' dir='ltr'><strong>asse·</strong></span> 
     </span>
     <span class='ocr_line' id='line_1_4' title="bbox 254 472 1319 551; baseline 0 0"><span class='ocrx_word' id='word_1_17' title='bbox 254 503 332 551; x_wconf 88' lang='lat' dir='ltr'><strong>rere</strong></span> <span class='ocrx_word' id='word_1_18' title='bbox 350 476 589 550; x_wconf 72' lang='lat' dir='ltr'><strong>intendamus.</strong></span> <span class='ocrx_word' id='word_1_19' title='bbox 607 475 706 548; x_wconf 84' lang='lat' dir='ltr'><strong>Absit</strong></span> <span class='ocrx_word' id='word_1_20' title='bbox 722 475 794 548; x_wconf 89' lang='lat' dir='ltr'><strong>hoc</strong></span> <span class='ocrx_word' id='word_1_21' title='bbox 814 499 837 549; x_wconf 90' lang='lat' dir='ltr'><strong>a</strong></span> <span class='ocrx_word' id='word_1_22' title='bbox 863 474 970 547; x_wconf 88' lang='lat' dir='ltr'><strong>nobis</strong></span> <span class='ocrx_word' id='word_1_23' title='bbox 996 488 1031 548; x_wconf 86' lang='lat' dir='ltr'><strong>et</strong></span> <span class='ocrx_word' id='word_1_24' title='bbox 1050 472 1098 548; x_wconf 83' lang='lat' dir='ltr'><strong>ab</strong></span> <span class='ocrx_word' id='word_1_25' title='bbox 1120 473 1319 551; x_wconf 86' lang='lat' dir='ltr'><strong>humilitate</strong></span> 
     </span>
     <span class='ocr_line' id='line_1_5' title="bbox 253 589 1321 701; baseline 0 -36"><span class='ocrx_word' id='word_1_26' title='bbox 253 593 463 682; x_wconf 87' lang='lat' dir='ltr'><strong>christiana,</strong></span> <span class='ocrx_word' id='word_1_27' title='bbox 481 617 566 665; x_wconf 86' lang='lat' dir='ltr'><strong>cum</strong></span> <span class='ocrx_word' id='word_1_28' title='bbox 583 594 691 665; x_wconf 88' lang='lat' dir='ltr'><strong>etiam</strong></span> <span class='ocrx_word' id='word_1_29' title='bbox 707 589 851 663; x_wconf 90' lang='lat' dir='ltr'><strong>cuidam</strong></span> <span class='ocrx_word' id='word_1_30' title='bbox 865 589 1085 664; x_wconf 82' lang='lat' dir='ltr'><strong>Salvatorcm</strong></span> <span class='ocrx_word' id='word_1_31' title='bbox 1096 592 1321 701; x_wconf 73' lang='lat' dir='ltr'><strong>110st</strong></span> 
     </span>
     <span class='ocr_line' id='line_1_6' title="bbox 253 702 1321 805; baseline -0.001 -25"><span class='ocrx_word' id='word_1_32' title='bbox 253 709 447 805; x_wconf 88' lang='lat' dir='ltr'><strong>terroganti</strong></span> <span class='ocrx_word' id='word_1_33' title='bbox 474 722 510 780; x_wconf 89' lang='lat' dir='ltr'><strong>et</strong></span> <span class='ocrx_word' id='word_1_34' title='bbox 536 707 677 781; x_wconf 89' lang='lat' dir='ltr'><strong>bonum</strong></span> <span class='ocrx_word' id='word_1_35' title='bbox 699 706 881 798; x_wconf 72' lang='lat' dir='ltr'><strong>asserenti,</strong></span> <span class='ocrx_word' id='word_1_36' title='bbox 906 705 953 778; x_wconf 88' lang='lat' dir='ltr'><strong>ab</strong></span> <span class='ocrx_word' id='word_1_37' title='bbox 981 705 1111 791; x_wconf 88' lang='lat' dir='ltr'><strong>eodem</strong></span> <span class='ocrx_word' id='word_1_38' title='bbox 1142 702 1321 780; x_wconf 84' lang='lat' dir='ltr'><strong>Salvatore</strong></span> 
     </span>
     <span class='ocr_line' id='line_1_7' title="bbox 254 822 1318 924; baseline -0.002 -27"><span class='ocrx_word' id='word_1_39' title='bbox 254 848 466 924; x_wconf 88' lang='lat' dir='ltr'><strong>responsum</strong></span> <span class='ocrx_word' id='word_1_40' title='bbox 479 825 684 897; x_wconf 86' lang='lat' dir='ltr'>noverimus</span> <span class='ocrx_word' id='word_1_41' title='bbox 699 850 708 894; x_wconf 92' lang='lat'>:</span> <span class='ocrx_word' id='word_1_42' title='bbox 724 854 741 890; x_wconf 77' lang='grc' dir='ltr'>α</span> <span class='ocrx_word' id='word_1_43' title='bbox 756 822 853 912; x_wconf 91' lang='lat' dir='ltr'>Quid</span> <span class='ocrx_word' id='word_1_44' title='bbox 862 847 921 896; x_wconf 89' lang='lat' dir='ltr'><strong>me</strong></span> <span class='ocrx_word' id='word_1_45' title='bbox 932 823 1128 921; x_wconf 87' lang='lat' dir='ltr'><strong>interrogas</strong></span> <span class='ocrx_word' id='word_1_46' title='bbox 1136 823 1183 896; x_wconf 88' lang='lat' dir='ltr'><strong>de</strong></span> <span class='ocrx_word' id='word_1_47' title='bbox 1195 822 1318 898; x_wconf 86' lang='lat' dir='ltr'><strong>bono?</strong></span> 
     </span>
     <span class='ocr_line' id='line_1_8' title="bbox 255 939 1320 1039; baseline 0.002 -27"><span class='ocrx_word' id='word_1_48' title='bbox 255 946 357 1014; x_wconf 91' lang='lat' dir='ltr'><strong>Unus</strong></span> <span class='ocrx_word' id='word_1_49' title='bbox 368 954 420 1013; x_wconf 91' lang='lat' dir='ltr'><strong>est</strong></span> <span class='ocrx_word' id='word_1_50' title='bbox 437 939 558 1014; x_wconf 91' lang='lat' dir='ltr'><strong>bonus</strong></span> <span class='ocrx_word' id='word_1_51' title='bbox 574 945 682 1013; x_wconf 90' lang='lat' dir='ltr'><strong>Deus.</strong></span> <span class='ocrx_word' id='word_1_52' title='bbox 705 971 723 1008; x_wconf 76' lang='lat' dir='ltr'><strong>c</strong></span> <span class='ocrx_word' id='word_1_53' title='bbox 739 939 808 1012; x_wconf 89' lang='lat' dir='ltr'><strong>Sed</strong></span> <span class='ocrx_word' id='word_1_54' title='bbox 835 940 1136 1039; x_wconf 83' lang='lat' dir='ltr'><strong>qualemcumque</strong></span> <span class='ocrx_word' id='word_1_55' title='bbox 1151 939 1198 1012; x_wconf 88' lang='lat' dir='ltr'><strong>de</strong></span> <span class='ocrx_word' id='word_1_56' title='bbox 1219 940 1320 1014; x_wconf 88' lang='lat' dir='ltr'><strong>nobis</strong></span> 
     </span>
     <span class='ocr_line' id='line_1_9' title="bbox 253 1053 1320 1154; baseline 0.001 -27"><span class='ocrx_word' id='word_1_57' title='bbox 253 1053 437 1147; x_wconf 86' lang='lat' dir='ltr'><strong>habuerit,</strong></span> <span class='ocrx_word' id='word_1_58' title='bbox 472 1079 534 1127; x_wconf 87' lang='lat' dir='ltr'><strong>scu</strong></span> <span class='ocrx_word' id='word_1_59' title='bbox 567 1054 614 1127; x_wconf 92' lang='lat' dir='ltr'><strong>de</strong></span> <span class='ocrx_word' id='word_1_60' title='bbox 641 1056 789 1147; x_wconf 87' lang='lat' dir='ltr'><strong>virtute,</strong></span> <span class='ocrx_word' id='word_1_61' title='bbox 825 1080 887 1128; x_wconf 86' lang='lat' dir='ltr'><strong>seu</strong></span> <span class='ocrx_word' id='word_1_62' title='bbox 915 1055 961 1128; x_wconf 89' lang='lat' dir='ltr'><strong>de</strong></span> <span class='ocrx_word' id='word_1_63' title='bbox 992 1053 1320 1154; x_wconf 87' lang='lat' dir='ltr'><strong>quantulacumque</strong></span> 
     </span>
     <span class='ocr_line' id='line_1_10' title="bbox 254 1170 1317 1269; baseline 0 -26"><span class='ocrx_word' id='word_1_64' title='bbox 254 1171 401 1244; x_wconf 88' lang='lat' dir='ltr'><strong>scientia</strong></span> <span class='ocrx_word' id='word_1_65' title='bbox 413 1171 469 1243; x_wconf 85' lang='lat' dir='ltr'><strong>vel</strong></span> <span class='ocrx_word' id='word_1_66' title='bbox 484 1170 716 1266; x_wconf 75' lang='lat' dir='ltr'><strong>intelligentia</strong></span> <span class='ocrx_word' id='word_1_67' title='bbox 733 1171 1003 1243; x_wconf 75' lang='lat' dir='ltr'><strong>aestimationem</strong></span> <span class='ocrx_word' id='word_1_68' title='bbox 1017 1170 1075 1242; x_wconf 84' lang='lat' dir='ltr'><strong>vel</strong></span> <span class='ocrx_word' id='word_1_69' title='bbox 1088 1171 1317 1269; x_wconf 83' lang='lat' dir='ltr'><strong>opinionem,</strong></span> 
     </span>
     <span class='ocr_line' id='line_1_11' title="bbox 256 1283 1320 1384; baseline 0.002 -27"><span class='ocrx_word' id='word_1_70' title='bbox 256 1284 431 1358; x_wconf 79' lang='lat' dir='ltr'><strong>referente</strong></span> <span class='ocrx_word' id='word_1_71' title='bbox 449 1286 527 1359; x_wconf 87' lang='lat' dir='ltr'><strong>viro</strong></span> <span class='ocrx_word' id='word_1_72' title='bbox 544 1286 682 1384; x_wconf 89' lang='lat' dir='ltr'><strong>optimo</strong></span> <span class='ocrx_word' id='word_1_73' title='bbox 702 1300 739 1358; x_wconf 88' lang='lat' dir='ltr'><strong>et</strong></span> <span class='ocrx_word' id='word_1_74' title='bbox 754 1283 976 1377; x_wconf 87' lang='lat' dir='ltr'><strong>fidelissimo,</strong></span> <span class='ocrx_word' id='word_1_75' title='bbox 1005 1284 1122 1381; x_wconf 80' lang='lat' dir='ltr'><strong>dignae</strong></span> <span class='ocrx_word' id='word_1_76' title='bbox 1144 1288 1320 1359; x_wconf 86' lang='lat' dir='ltr'><strong>memoriae</strong></span> 
     </span>
     <span class='ocr_line' id='line_1_12' title="bbox 253 1400 1319 1500; baseline 0 -26"><span class='ocrx_word' id='word_1_77' title='bbox 253 1401 403 1475; x_wconf 91' lang='lat' dir='ltr'><strong>domino</strong></span> <span class='ocrx_word' id='word_1_78' title='bbox 420 1400 584 1486; x_wconf 81' lang='lat' dir='ltr'><strong>iohanne</strong></span> <span class='ocrx_word' id='word_1_79' title='bbox 599 1400 772 1495; x_wconf 58' lang='lat' dir='ltr'><strong>infantie,</strong></span> <span class='ocrx_word' id='word_1_80' title='bbox 787 1401 908 1497; x_wconf 89' lang='lat' dir='ltr'><strong>legum</strong></span> <span class='ocrx_word' id='word_1_81' title='bbox 921 1400 1071 1474; x_wconf 86' lang='lat' dir='ltr'><strong>doctore</strong></span> <span class='ocrx_word' id='word_1_82' title='bbox 1084 1403 1230 1498; x_wconf 86' lang='lat' dir='ltr'><strong>egregio</strong></span> <span class='ocrx_word' id='word_1_83' title='bbox 1246 1402 1319 1500; x_wconf 89' lang='lat' dir='ltr'><strong>(qui</strong></span> 
     </span>
     <span class='ocr_line' id='line_1_13' title="bbox 254 1515 1322 1604; baseline 0 -14"><span class='ocrx_word' id='word_1_84' title='bbox 254 1517 320 1590; x_wconf 82' lang='lat' dir='ltr'><strong>fuit</strong></span> <span class='ocrx_word' id='word_1_85' title='bbox 336 1517 571 1590; x_wconf 84' lang='lat' dir='ltr'><strong>cancellarius</strong></span> <span class='ocrx_word' id='word_1_86' title='bbox 585 1517 623 1587; x_wconf 89' lang='lat' dir='ltr'><strong>in</strong></span> <span class='ocrx_word' id='word_1_87' title='bbox 640 1517 742 1588; x_wconf 85' lang='lat' dir='ltr'><strong>terris</strong></span> <span class='ocrx_word' id='word_1_88' title='bbox 759 1516 861 1589; x_wconf 91' lang='lat' dir='ltr'><strong>ducis</strong></span> <span class='ocrx_word' id='word_1_89' title='bbox 880 1515 1080 1604; x_wconf 77' lang='lat' dir='ltr'><strong>Alenconii,</strong></span> <span class='ocrx_word' id='word_1_90' title='bbox 1094 1530 1136 1589; x_wconf 89' lang='lat' dir='ltr'><strong>et</strong></span> <span class='ocrx_word' id='word_1_91' title='bbox 1156 1531 1237 1590; x_wconf 89' lang='lat' dir='ltr'><strong>tum</strong></span> <span class='ocrx_word' id='word_1_92' title='bbox 1251 1535 1322 1592; x_wconf 88' lang='lat' dir='ltr'><strong>erat</strong></span> 
     </span>
     <span class='ocr_line' id='line_1_14' title="bbox 253 1632 1319 1733; baseline 0.002 -26"><span class='ocrx_word' id='word_1_93' title='bbox 253 1636 420 1733; x_wconf 85' lang='lat' dir='ltr'><strong>magister</strong></span> <span class='ocrx_word' id='word_1_94' title='bbox 439 1635 547 1707; x_wconf 90' lang='lat' dir='ltr'><strong>etiam</strong></span> <span class='ocrx_word' id='word_1_95' title='bbox 563 1648 807 1731; x_wconf 83' lang='lat' dir='ltr'><strong>requestarum</strong></span> <span class='ocrx_word' id='word_1_96' title='bbox 822 1634 950 1730; x_wconf 88' lang='lat' dir='ltr'><strong>regalis</strong></span> <span class='ocrx_word' id='word_1_97' title='bbox 965 1632 1089 1730; x_wconf 77' lang='lat' dir='ltr'><strong>aulae),</strong></span> <span class='ocrx_word' id='word_1_98' title='bbox 1109 1637 1319 1732; x_wconf 79' lang='lat' dir='ltr'><strong>agnovimus</strong></span> 
     </span>
     <span class='ocr_line' id='line_1_15' title="bbox 257 1747 1321 1849; baseline 0.004 -27"><span class='ocrx_word' id='word_1_99' title='bbox 257 1751 358 1847; x_wconf 92' lang='lat' dir='ltr'><strong>quod</strong></span> <span class='ocrx_word' id='word_1_100' title='bbox 379 1750 463 1822; x_wconf 89' lang='lat' dir='ltr'><strong>talia</strong></span> <span class='ocrx_word' id='word_1_101' title='bbox 480 1774 559 1849; x_wconf 83' lang='lat' dir='ltr'><strong>quae</strong></span> <span class='ocrx_word' id='word_1_102' title='bbox 582 1749 736 1821; x_wconf 84' lang='lat' dir='ltr'><strong>diximus</strong></span> <span class='ocrx_word' id='word_1_103' title='bbox 751 1748 860 1823; x_wconf 85' lang='lat' dir='ltr'><strong>verba</strong></span> <span class='ocrx_word' id='word_1_104' title='bbox 885 1748 932 1822; x_wconf 90' lang='lat' dir='ltr'><strong>de</strong></span> <span class='ocrx_word' id='word_1_105' title='bbox 958 1747 1065 1823; x_wconf 90' lang='lat' dir='ltr'><strong>nobis</strong></span> <span class='ocrx_word' id='word_1_106' title='bbox 1086 1774 1132 1822; x_wconf 83' lang='lat' dir='ltr'><strong>ex</strong></span> <span class='ocrx_word' id='word_1_107' title='bbox 1154 1775 1220 1825; x_wconf 88' lang='lat' dir='ltr'><strong>ore</strong></span> <span class='ocrx_word' id='word_1_108' title='bbox 1238 1754 1321 1849; x_wconf 80' lang='lat' dir='ltr'><strong>regis</strong></span> 
     </span>
     <span class='ocr_line' id='line_1_16' title="bbox 255 1864 1321 1964; baseline 0.002 -26"><span class='ocrx_word' id='word_1_109' title='bbox 255 1865 461 1938; x_wconf 82' lang='lat' dir='ltr'><strong>audivisset.</strong></span> <span class='ocrx_word' id='word_1_110' title='bbox 476 1870 525 1936; x_wconf 83' lang='lat' dir='ltr'><strong>Ex</strong></span> <span class='ocrx_word' id='word_1_111' title='bbox 539 1890 612 1963; x_wconf 94' lang='lat' dir='ltr'><strong>quo</strong></span> <span class='ocrx_word' id='word_1_112' title='bbox 622 1879 716 1937; x_wconf 88' lang='lat' dir='ltr'><strong>certe</strong></span> <span class='ocrx_word' id='word_1_113' title='bbox 727 1864 803 1961; x_wconf 88' lang='lat' dir='ltr'><strong>ejus</strong></span> <span class='ocrx_word' id='word_1_114' title='bbox 812 1865 954 1938; x_wconf 86' lang='lat' dir='ltr'><strong>animus</strong></span> <span class='ocrx_word' id='word_1_115' title='bbox 969 1865 1016 1939; x_wconf 91' lang='lat' dir='ltr'><strong>ad</strong></span> <span class='ocrx_word' id='word_1_116' title='bbox 1033 1889 1101 1939; x_wconf 89' lang='lat' dir='ltr'><strong>nos</strong></span> <span class='ocrx_word' id='word_1_117' title='bbox 1114 1865 1321 1964; x_wconf 82' lang='lat' dir='ltr'><strong>indignatio</strong></span> 
     </span>
     <span class='ocr_line' id='line_1_17' title="bbox 257 1964 1321 2078; baseline 0.003 -26"><span class='ocrx_word' id='word_1_118' title='bbox 257 2005 341 2052; x_wconf 89' lang='lat' dir='ltr'><strong>nem</strong></span> <span class='ocrx_word' id='word_1_119' title='bbox 360 2003 501 2078; x_wconf 81' lang='lat' dir='ltr'><strong>semper</strong></span> <span class='ocrx_word' id='word_1_120' title='bbox 516 1977 623 2051; x_wconf 91' lang='lat' dir='ltr'><strong>nobis</strong></span> <span class='ocrx_word' id='word_1_121' title='bbox 639 1979 738 2050; x_wconf 86' lang='lat' dir='ltr'><strong>visus</strong></span> <span class='ocrx_word' id='word_1_122' title='bbox 754 1993 807 2052; x_wconf 92' lang='lat' dir='ltr'><strong>est</strong></span> <span class='ocrx_word' id='word_1_123' title='bbox 827 1964 981 2053; x_wconf 81' lang='lat' dir='ltr'><strong>tenuisse</strong></span> <span class='ocrx_word' id='word_1_124' title='bbox 997 2004 1040 2053; x_wconf 90' lang='lat' dir='ltr'><strong>ac</strong></span> <span class='ocrx_word' id='word_1_125' title='bbox 1055 2004 1232 2073; x_wconf 86' lang='lat' dir='ltr'><strong>servasse·;</strong></span> <span class='ocrx_word' id='word_1_126' title='bbox 1249 2007 1321 2061; x_wconf 86' lang='lat' dir='ltr'><strong>nos·</strong></span> 
     </span>
     <span class='ocr_line' id='line_1_18' title="bbox 258 2095 1319 2195; baseline 0.002 -26"><span class='ocrx_word' id='word_1_127' title='bbox 258 2121 342 2195; x_wconf 88' lang='lat' dir='ltr'><strong>que,</strong></span> <span class='ocrx_word' id='word_1_128' title='bbox 358 2111 532 2193; x_wconf 90' lang='lat' dir='ltr'><strong>tanquam</strong></span> <span class='ocrx_word' id='word_1_129' title='bbox 539 2095 623 2168; x_wconf 80' lang='lat' dir='ltr'><strong>suis</strong></span> <span class='ocrx_word' id='word_1_130' title='bbox 638 2095 786 2168; x_wconf 89' lang='lat' dir='ltr'><strong>minime</strong></span> <span class='ocrx_word' id='word_1_131' title='bbox 803 2095 1053 2169; x_wconf 78' lang='lat' dir='ltr'><strong>allectionibus</strong></span> <span class='ocrx_word' id='word_1_132' title='bbox 1070 2113 1319 2190; x_wconf 76' lang='lat' dir='ltr'><strong>assentantem,</strong></span> 
     </span>
     <span class='ocr_line' id='line_1_19' title="bbox 199 2210 1320 2335; baseline 0.003 -50"><span class='ocrx_word' id='word_1_133' title='bbox 199 2306 215 2335; x_wconf 40' lang='grc' dir='ltr'><strong>ο</strong></span> <span class='ocrx_word' id='word_1_134' title='bbox 258 2212 413 2285; x_wconf 85' lang='lat' dir='ltr'><strong>invisum</strong></span> <span class='ocrx_word' id='word_1_135' title='bbox 429 2228 536 2312; x_wconf 88' lang='lat' dir='ltr'><strong>atque</strong></span> <span class='ocrx_word' id='word_1_136' title='bbox 553 2224 757 2310; x_wconf 86' lang='lat' dir='ltr'><strong>suspectum</strong></span> <span class='ocrx_word' id='word_1_137' title='bbox 776 2210 954 2285; x_wconf 78' lang='lat' dir='ltr'><strong>habuisse.</strong></span> <span class='ocrx_word' id='word_1_138' title='bbox 978 2215 1098 2301; x_wconf 89' lang='lat' dir='ltr'><strong>Quam</strong></span> <span class='ocrx_word' id='word_1_139' title='bbox 1111 2214 1320 2312; x_wconf 83' lang='lat' dir='ltr'><strong>indignatio</strong></span> 
     </span>
    </p>

    <p class='ocr_par' dir='ltr' id='par_1_3' title="bbox 260 2325 1321 2544">
     <span class='ocr_line' id='line_1_20' title="bbox 260 2325 1321 2427; baseline 0.002 -27"><span class='ocrx_word' id='word_1_140' title='bbox 260 2353 344 2400; x_wconf 86' lang='lat' dir='ltr'><strong>nem</strong></span> <span class='ocrx_word' id='word_1_141' title='bbox 355 2330 384 2400; x_wconf 91' lang='lat' dir='ltr'><strong>si</strong></span> <span class='ocrx_word' id='word_1_142' title='bbox 394 2353 461 2427; x_wconf 90' lang='lat' dir='ltr'><strong>pro</strong></span> <span class='ocrx_word' id='word_1_143' title='bbox 472 2328 533 2421; x_wconf 83' lang='lat' dir='ltr'><strong>tali</strong></span> <span class='ocrx_word' id='word_1_144' title='bbox 545 2325 761 2398; x_wconf 86' lang='lat' dir='ltr'><strong>incurrimus</strong></span> <span class='ocrx_word' id='word_1_145' title='bbox 776 2349 896 2415; x_wconf 88' lang='lat' dir='ltr'><strong>causa,</strong></span> <span class='ocrx_word' id='word_1_146' title='bbox 907 2340 944 2400; x_wconf 91' lang='lat' dir='ltr'><strong>et</strong></span> <span class='ocrx_word' id='word_1_147' title='bbox 955 2329 1243 2425; x_wconf 85' lang='lat' dir='ltr'><strong>persecutionem</strong></span> <span class='ocrx_word' id='word_1_148' title='bbox 1252 2355 1321 2402; x_wconf 89' lang='lat' dir='ltr'><strong>sus·</strong></span> 
     </span>
     <span class='ocr_line' id='line_1_21' title="bbox 261 2439 1318 2544; baseline -0.003 -27"><span class='ocrx_word' id='word_1_149' title='bbox 261 2447 435 2536; x_wconf 90' lang='lat' dir='ltr'><strong>tinemus,</strong></span> <span class='ocrx_word' id='word_1_150' title='bbox 451 2446 612 2540; x_wconf 87' lang='lat' dir='ltr'><strong>ingentes</strong></span> <span class='ocrx_word' id='word_1_151' title='bbox 627 2439 713 2514; x_wconf 87' lang='lat' dir='ltr'><strong>inde</strong></span> <span class='ocrx_word' id='word_1_152' title='bbox 725 2441 855 2537; x_wconf 83' lang='lat' dir='ltr'><strong>gratias</strong></span> <span class='ocrx_word' id='word_1_153' title='bbox 868 2442 995 2516; x_wconf 70' lang='lat' dir='ltr'><strong>diune</strong></span> <span class='ocrx_word' id='word_1_154' title='bbox 1004 2441 1182 2519; x_wconf 87' lang='lat' dir='ltr'><strong>debemus</strong></span> <span class='ocrx_word' id='word_1_155' title='bbox 1191 2446 1318 2544; x_wconf 88' lang='lat' dir='ltr'><strong>pietati.</strong></span> 
     </span>
    </p>
   </div>
   <div class='ocr_carea' id='block_1_3' title="bbox 635 2664 959 2736">
    <p class='ocr_par' dir='ltr' id='par_1_4' title="bbox 635 2664 959 2736">
     <span class='ocr_line' id='line_1_22' title="bbox 635 2664 959 2736; baseline 0.012 -4"><span class='ocrx_word' id='word_1_156' title='bbox 635 2664 890 2736; x_wconf 77' lang='lat' dir='ltr'>CAPITULUM</span> <span class='ocrx_word' id='word_1_157' title='bbox 916 2668 959 2736; x_wconf 91' lang='lat' dir='ltr'><strong>V.</strong></span> 
     </span>
    </p>
   </div>
   <div class='ocr_carea' id='block_1_4' title="bbox 305 2850 1286 3013">
    <p class='ocr_par' dir='ltr' id='par_1_5' title="bbox 305 2850 1286 3013">
     <span class='ocr_line' id='line_1_23' title="bbox 305 2850 1286 2942; baseline 0.009 -18"><span class='ocrx_word' id='word_1_158' title='bbox 305 2871 391 2925; x_wconf 75' lang='lat' dir='ltr'><strong>Aliam</strong></span> <span class='ocrx_word' id='word_1_159' title='bbox 410 2869 487 2942; x_wconf 76' lang='lat' dir='ltr'><strong>regin</strong></span> <span class='ocrx_word' id='word_1_160' title='bbox 503 2868 693 2942; x_wconf 83' lang='lat' dir='ltr'><strong>indignationis</strong></span> <span class='ocrx_word' id='word_1_161' title='bbox 709 2872 848 2926; x_wconf 87' lang='lat' dir='ltr'><strong>continens</strong></span> <span class='ocrx_word' id='word_1_162' title='bbox 865 2892 970 2928; x_wconf 78' lang='lat' dir='ltr'><strong>causam</strong></span> <span class='ocrx_word' id='word_1_163' title='bbox 987 2893 1021 2928; x_wconf 84' lang='lat' dir='ltr'><strong>ex</strong></span> <span class='ocrx_word' id='word_1_164' title='bbox 1039 2850 1179 2931; x_wconf 76' lang='lat' dir='ltr'><strong>deditione</strong></span> <span class='ocrx_word' id='word_1_165' title='bbox 1192 2892 1286 2933; x_wconf 77' lang='lat' dir='ltr'><strong>nom</strong></span> 
     </span>
     <span class='ocr_line' id='line_1_24' title="bbox 734 2972 854 3013; baseline 0.025 -3"><span class='ocrx_word' id='word_1_166' title='bbox 734 2972 854 3013; x_wconf 80' lang='lat' dir='ltr'><strong>ctvttatts.</strong></span> 
     </span>
    </p>
   </div>
   <div class='ocr_carea' id='block_1_5' title="bbox 266 3143 1325 3477">
    <p class='ocr_par' dir='ltr' id='par_1_6' title="bbox 266 3143 1325 3477">
     <span class='ocr_line' id='line_1_25' title="bbox 315 3143 1324 3243; baseline 0.002 -29"><span class='ocrx_word' id='word_1_167' title='bbox 315 3143 384 3215; x_wconf 88' lang='lat' dir='ltr'><strong>Sed</strong></span> <span class='ocrx_word' id='word_1_168' title='bbox 406 3169 489 3216; x_wconf 91' lang='lat' dir='ltr'><strong>cum</strong></span> <span class='ocrx_word' id='word_1_169' title='bbox 510 3145 637 3218; x_wconf 87' lang='lat' dir='ltr'><strong>eadem</strong></span> <span class='ocrx_word' id='word_1_170' title='bbox 653 3145 701 3219; x_wconf 91' lang='lat' dir='ltr'><strong>ad</strong></span> <span class='ocrx_word' id='word_1_171' title='bbox 719 3145 973 3243; x_wconf 89' lang='lat' dir='ltr'><strong>persecutionis</strong></span> <span class='ocrx_word' id='word_1_172' title='bbox 988 3144 1223 3219; x_wconf 86' lang='lat' dir='ltr'><strong>acerbitatem</strong></span> <span class='ocrx_word' id='word_1_173' title='bbox 1237 3170 1324 3218; x_wconf 89' lang='lat' dir='ltr'><strong>non·</strong></span> 
     </span>
     <span class='ocr_line' id='line_1_26' title="bbox 267 3260 1322 3360; baseline -0.001 -28"><span class='ocrx_word' id='word_1_174' title='bbox 267 3260 380 3333; x_wconf 84' lang='lat' dir='ltr'><strong>dum¹</strong></span> <span class='ocrx_word' id='word_1_175' title='bbox 405 3264 631 3360; x_wconf 90' lang='lat' dir='ltr'><strong>processiset,</strong></span> <span class='ocrx_word' id='word_1_176' title='bbox 658 3287 702 3334; x_wconf 85' lang='lat' dir='ltr'><strong>ex</strong></span> <span class='ocrx_word' id='word_1_177' title='bbox 725 3260 782 3332; x_wconf 88' lang='lat' dir='ltr'><strong>his</strong></span> <span class='ocrx_word' id='word_1_178' title='bbox 806 3275 900 3332; x_wconf 88' lang='lat' dir='ltr'><strong>certe</strong></span> <span class='ocrx_word' id='word_1_179' title='bbox 924 3284 1003 3357; x_wconf 86' lang='lat' dir='ltr'><strong>quae</strong></span> <span class='ocrx_word' id='word_1_180' title='bbox 1021 3261 1212 3336; x_wconf 87' lang='lat' dir='ltr'><strong>subsecuta</strong></span> <span class='ocrx_word' id='word_1_181' title='bbox 1229 3276 1322 3348; x_wconf 89' lang='lat' dir='ltr'><strong>sunt,</strong></span> 
     </span>
     <span class='ocr_line' id='line_1_27' title="bbox 266 3376 1325 3477; baseline 0 -28"><span class='ocrx_word' id='word_1_182' title='bbox 266 3402 350 3449; x_wconf 92' lang='lat' dir='ltr'><strong>cum</strong></span> <span class='ocrx_word' id='word_1_183' title='bbox 376 3403 546 3474; x_wconf 84' lang='lat' dir='ltr'><strong>germano</strong></span> <span class='ocrx_word' id='word_1_184' title='bbox 568 3404 635 3451; x_wconf 90' lang='lat' dir='ltr'><strong>suo</strong></span> <span class='ocrx_word' id='word_1_185' title='bbox 663 3378 730 3477; x_wconf 83' lang='lat' dir='ltr'><strong>piae</strong></span> <span class='ocrx_word' id='word_1_186' title='bbox 753 3376 1011 3450; x_wconf 87' lang='lat' dir='ltr'><strong>recordationis</strong></span> <span class='ocrx_word' id='word_1_187' title='bbox 1039 3378 1210 3453; x_wconf 89' lang='lat' dir='ltr'><strong>ducatum</strong></span> <span class='ocrx_word' id='word_1_188' title='bbox 1243 3383 1325 3453; x_wconf 86' lang='lat' dir='ltr'><strong>Nor·</strong></span> 
     </span>
    </p>
   </div>
   <div class='ocr_carea' id='block_1_6' title="bbox 190 3572 1324 3917">
    <p class='ocr_par' dir='ltr' id='par_1_7' title="bbox 190 3572 1324 3842">
     <span class='ocr_line' id='line_1_28' title="bbox 306 3572 1324 3653; baseline -0.002 -19"><span class='ocrx_word' id='word_1_189' title='bbox 306 3578 336 3634; x_wconf 79' lang='grc'><strong>1.</strong></span> <span class='ocrx_word' id='word_1_190' title='bbox 359 3579 431 3634; x_wconf 86' lang='lat' dir='ltr'><strong>Jean</strong></span> <span class='ocrx_word' id='word_1_191' title='bbox 451 3574 573 3633; x_wconf 86' lang='lat' dir='ltr'><strong>Lensant</strong></span> <span class='ocrx_word' id='word_1_192' title='bbox 585 3617 594 3647; x_wconf 94' lang='lat'><strong>,</strong></span> <span class='ocrx_word' id='word_1_193' title='bbox 608 3573 675 3653; x_wconf 89' lang='lat' dir='ltr'><strong>qui,</strong></span> <span class='ocrx_word' id='word_1_194' title='bbox 692 3585 780 3632; x_wconf 82' lang='lat' dir='ltr'><strong>avant</strong></span> <span class='ocrx_word' id='word_1_195' title='bbox 792 3572 829 3631; x_wconf 88' lang='lat' dir='ltr'><strong>de</strong></span> <span class='ocrx_word' id='word_1_196' title='bbox 842 3573 960 3652; x_wconf 89' lang='lat' dir='ltr'><strong>remplir</strong></span> <span class='ocrx_word' id='word_1_197' title='bbox 979 3574 1020 3633; x_wconf 89' lang='lat' dir='ltr'><strong>les</strong></span> <span class='ocrx_word' id='word_1_198' title='bbox 1041 3573 1186 3635; x_wconf 82' lang='lat' dir='ltr'><strong>fonctions</strong></span> <span class='ocrx_word' id='word_1_199' title='bbox 1204 3574 1274 3633; x_wconf 90' lang='lat' dir='ltr'><strong>dont</strong></span> <span class='ocrx_word' id='word_1_200' title='bbox 1291 3591 1324 3632; x_wconf 83' lang='lat' dir='ltr'><strong>ra</strong></span> 
     </span>
     <span class='ocr_line' id='line_1_29' title="bbox 266 3666 1322 3748; baseline 0 -21"><span class='ocrx_word' id='word_1_201' title='bbox 266 3670 361 3745; x_wconf 83' lang='lat' dir='ltr'><strong>parler</strong></span> <span class='ocrx_word' id='word_1_202' title='bbox 380 3670 519 3740; x_wconf 84' lang='lat' dir='ltr'><strong>l&#39;auteur,</strong></span> <span class='ocrx_word' id='word_1_203' title='bbox 539 3669 616 3727; x_wconf 83' lang='lat' dir='ltr'><strong>avait</strong></span> <span class='ocrx_word' id='word_1_204' title='bbox 640 3668 685 3727; x_wconf 73' lang='lat' dir='ltr'><strong>iti</strong></span> <span class='ocrx_word' id='word_1_205' title='bbox 705 3666 852 3748; x_wconf 77' lang='lat' dir='ltr'><strong>president</strong></span> <span class='ocrx_word' id='word_1_206' title='bbox 873 3667 912 3729; x_wconf 91' lang='lat' dir='ltr'><strong>du</strong></span> <span class='ocrx_word' id='word_1_207' title='bbox 932 3668 1041 3728; x_wconf 83' lang='lat' dir='ltr'><strong>conscii</strong></span> <span class='ocrx_word' id='word_1_208' title='bbox 1069 3668 1322 3728; x_wconf 81' lang='lat' dir='ltr'><strong>d&#39;administration</strong></span> 
     </span>
     <span class='ocr_line' id='line_1_30' title="bbox 190 3760 789 3842; baseline 0.007 -26"><span class='ocrx_word' id='word_1_209' title='bbox 190 3826 195 3835; x_wconf 37' lang='grc' dir='ltr'>Ι</span> <span class='ocrx_word' id='word_1_210' title='bbox 264 3760 381 3822; x_wconf 76' lang='lat' dir='ltr'><strong>institue</strong></span> <span class='ocrx_word' id='word_1_211' title='bbox 395 3765 525 3822; x_wconf 82' lang='lat' dir='ltr'><strong>iltouen</strong></span> <span class='ocrx_word' id='word_1_212' title='bbox 541 3782 594 3842; x_wconf 87' lang='lat' dir='ltr'><strong>par</strong></span> <span class='ocrx_word' id='word_1_213' title='bbox 606 3763 648 3820; x_wconf 91' lang='lat' dir='ltr'><strong>les</strong></span> <span class='ocrx_word' id='word_1_214' title='bbox 661 3761 789 3841; x_wconf 67' lang='lat' dir='ltr'><strong>Anglais.</strong></span> 
     </span>
    </p>

    <p class='ocr_par' dir='ltr' id='par_1_8' title="bbox 305 3853 670 3917">
     <span class='ocr_line' id='line_1_31' title="bbox 305 3853 670 3917; baseline 0.016 -7"><span class='ocrx_word' id='word_1_215' title='bbox 305 3855 336 3916; x_wconf 76' lang='lat'><strong>2.</strong></span> <span class='ocrx_word' id='word_1_216' title='bbox 359 3856 471 3913; x_wconf 77' lang='lat' dir='ltr'><strong>Nedmn</strong></span> <span class='ocrx_word' id='word_1_217' title='bbox 488 3853 561 3914; x_wconf 82' lang='lat' dir='ltr'><strong>drus</strong></span> <span class='ocrx_word' id='word_1_218' title='bbox 574 3854 603 3913; x_wconf 85' lang='lat' dir='ltr'><strong>le</strong></span> <span class='ocrx_word' id='word_1_219' title='bbox 616 3874 670 3917; x_wconf 87' lang='lat' dir='ltr'><strong>ms.</strong></span> 
     </span>
    </p>
   </div>
   <div class='ocr_carea' id='block_1_7' title="bbox 0 0 1462 5070">
    <p class='ocr_par' dir='ltr' id='par_1_9' title="bbox 0 0 1462 5070">
     <span class='ocr_line' id='line_1_32' title="bbox 0 0 1462 5070; baseline 0 0"><span class='ocrx_word' id='word_1_220' title='bbox 0 0 1462 5070; x_wconf 95' lang='lat' dir='ltr'><strong> </strong></span> 
     </span>
    </p>
   </div>
  </div>
 </body>
</html>
