2946 5070
228 508 290 607 ars
653 537 859 617 tanmem,

278 683 391 749 Porro
406 700 489 748 curn
505 693 549 747 et
565 675 663 747 cuna
680 675 772 770 regis
785 673 1049 771 llothomagum
1064 673 1193 748 delatae
1207 674 1289 746 luis-

228 807 308 867 sent
328 790 535 889 hujusmodi
551 791 673 863 litterae
700 790 747 862 ad
773 787 893 862 sinent¹
907 790 1008 888 quod
1035 790 1247 863 solemniter
1260 803 1293 862 et

227 911 348 1011 palam
366 907 535 982 omnibus
550 906 832 1008 publicarentur,
850 930 935 980 eum
947 906 1007 980 illa
1022 907 1202 1000 clausula,
1218 916 1295 1004 qtue

229 1030 274 1102 de
292 1026 398 1100 nobis
413 1040 450 1098 et
466 1025 611 1120 collegis
637 1025 775 1096 nostris
788 1025 1011 1098 mentionem
1032 1023 1195 1097 habebat
1218 1048 1294 1124 spe-

228 1143 376 1235 cialem,
393 1167 415 1215 a
430 1138 614 1240 nonnullis
629 1155 820 1240 conspecta
835 1141 973 1234 suisset,
990 1142 1054 1239 qui
1076 1162 1141 1214 seu
1157 1142 1295 1215 sincera

227 1265 416 1338 allectione
432 1275 468 1331 et
485 1257 752 1353 benivolentia,
769 1281 833 1331 seu
849 1273 928 1331 astu
940 1274 977 1331 et
994 1259 1081 1332 dolo
1103 1275 1214 1358 atque
1230 1261 1295 1331 inl·

227 1381 322 1452 mico
333 1376 456 1450 animo
472 1375 519 1447 ad
533 1376 646 1447 nostri
661 1374 1005 1447 circumventionem
1022 1390 1193 1448 nostrum
1209 1375 1297 1447 desi·

227 1493 403 1568 derabant
427 1492 580 1564 reditum
608 1491 736 1588 (aquo
757 1513 825 1563 nos
842 1513 990 1590 prorsus
1009 1495 1123 1565 averti
1134 1542 1146 1579 ,
1173 1493 1295 1566 auditu

228 1611 328 1709 quod
352 1611 431 1682 talis
449 1610 495 1682 de
524 1607 629 1681 nobis
653 1610 843 1682 reservatio
866 1607 967 1682 fleret
987 1608 1172 1709 specialis,
1198 1636 1295 1684 vere·

227 1725 388 1821 bantur),
413 1725 537 1796 litterae
563 1727 646 1822 ipsae
663 1724 811 1795 minime
837 1739 985 1823 propter
1008 1724 1082 1797 hoc
1106 1721 1294 1824 publicane

228 1844 384 1932 luerunt,
402 1841 465 1913 sed
479 1840 525 1913 ad
539 1863 659 1935 regem
671 1839 836 1933 remisse,
857 1854 910 1935 ut,
931 1840 1072 1919 sublata
1087 1843 1294 1940 hujusmodi

228 1960 274 2032 de
290 1958 397 2031 nobis
415 1957 590 2048 clausula,
620 1955 790 2033 omnibus
805 1981 848 2028 ex
863 1980 968 2054 aequo
984 1982 1201 2033 communes
1224 1962 1296 2033 sine

228 2077 349 2174 aliquo
372 2076 513 2147 delectu
526 2073 648 2145 litteroe
663 2068 897 2145 haberentur.
914 2077 1066 2147 Suasutn
1082 2078 1220 2176 quippe
1236 2078 1296 2150 fuit

228 2194 320 2288 regi,
354 2193 421 2264 nisi
447 2192 496 2262 ita
522 2188 640 2278 fieret,
665 2212 732 2262 nos
757 2189 961 2262 nullatenus
991 2191 1068 2264 sore
1098 2193 1293 2286 redituros,

227 2307 428 2379 hesitantes
446 2331 492 2378 ne
505 2303 639 2378 talibus
655 2330 723 2376 nos
739 2330 908 2403 premere
919 2306 1069 2403 servitiis
1087 2308 1206 2402 vellet,
1226 2310 1297 2407 qui·

229 2423 298 2496 bus
324 2437 538 2521 perpetuum
554 2421 673 2494 forsan
697 2421 860 2494 exsilium
882 2424 1171 2522 praeponendum
1195 2426 1296 2498 duoc-

232 2563 361 2611 remus.
390 2545 430 2610 ln
456 2562 528 2638 qua
550 2541 803 2632 estimatione,
832 2541 1116 2641 proculdubio,
1151 2545 1294 2616 minime

232 2653 455 2728 fallebantur.

597 2962 857 3049 cleirunuu
881 2963 940 3031 rx.
1063 3054 1070 3068 1

251 3148 291 3200 De
301 3146 389 3201 reditu
399 3161 492 3202 nostro
503 3144 538 3201 ad
552 3164 641 3220 regem
653 3164 687 3202 ex
700 3144 842 3203 mmmm
854 3147 905 3202 sub
916 3146 971 3202 tide
981 3150 1278 3217 Μωκωπίω

283 3348 426 3422 Talibus
438 3351 545 3446 igitur
558 3374 619 3423 rex
628 3350 912 3447 suggestionibus
925 3350 1050 3445 flexus,
1066 3353 1156 3426 alius
1170 3354 1296 3426 litteras

237 3466 417 3563 generales
432 3465 569 3570 absque
591 3467 664 3539 ulla
681 3488 827 3565 prorsus
842 3468 1051 3565 exceptione
1070 3469 1128 3541 vel
1146 3487 1299 3542 reserva·

237 3581 336 3653 tione
350 3583 481 3655 confici
488 3583 604 3679 jussit,
621 3599 657 3655 et
671 3583 806 3682 ubique
819 3608 909 3656 voce
918 3586 1099 3682 praeconia
1107 3588 1300 3685 praecinen-

238 3695 333 3768 tibus
353 3697 448 3769 tubis
467 3697 656 3797 publicari.
676 3705 794 3788 Quam
810 3701 1006 3771 litterarum
1021 3699 1299 3798 publicationem

239 3815 407 3884 cumeani
426 3830 461 3885 et
480 3817 666 3887 necessarii
685 3817 797 3888 nostn'
810 3816 1038 3909 audivissent,
1054 3839 1183 3888 earum
1196 3833 1301 3889 mne

239 3945 382 4028 sumpta
395 3931 600 4003 authentica
622 3932 716 4004 illico
731 3928 778 4004 ad
794 3957 862 4004 nos
878 3932 1117 4004 transmittere
1135 3946 1303 4006 curarunt

239 4069 323 4116 curn
347 4061 400 4118 tot
422 4048 529 4119 etiarn
548 4049 726 4144 tantisque
749 4047 797 4120 ad
819 4071 885 4120 nos
904 4048 1011 4120 variis
1028 4049 1208 4146 epistolis,
1231 4065 1303 4120 tum

239 4183 263 4230 u
277 4162 460 4234 nonnullis
478 4163 601 4235 enticis
620 4185 712 4258 quos
738 4177 825 4234 tunc
845 4165 883 4234 i'n
910 4163 1061 4234 oonsilio
1078 4165 1181 4261 tegio
1198 4163 1305 4237 habe

239 4272 380 4366 mus,
397 4292 475 4349 tum
490 4279 598 4351 etiam
612 4301 639 4350 a
649 4276 797 4350 diversis
815 4277 966 4377 prelatis
977 4277 1084 4352 nobis
1098 4280 1248 4354 caritate
1257 4302 1299 4354 aa
