2946 5070
223 493 262 547 Μ
493 489 751 547 fllStottttltttt
772 488 949 546 wuovlct
969 489 1013 544 x1

223 622 301 716 gnis
316 621 430 718 copiis
444 619 492 691 ad
508 620 679 691 auxilium
698 616 891 716 pontificis,
904 618 1007 714 cujus
1023 619 1158 690 militiae
1172 617 1287 689 dicms

222 760 344 807 comes
359 736 598 831 Hieronymus
611 734 822 831 prepositus
835 747 913 804 erat
924 746 962 804 et
977 731 1119 804 ductor.

272 850 440 922 l'identes
459 866 580 923 autem
605 849 799 921 florentini
827 848 972 920 difficile
986 874 1030 921 ac
1046 850 1286 948 periculosum

219 962 287 1039 sibi
301 968 488 1039 imminere
499 966 648 1057 bellum,
663 970 818 1036 venetos
826 963 876 1064 [et
886 965 1044 1064 ceteros]
1058 991 1151 1063 quos
1167 981 1289 1064 potue·

220 1098 317 1175 runt,
341 1082 514 1155 smderare
540 1097 576 1153 et
596 1080 664 1152 sibi
688 1083 726 1152 in
751 1082 923 1153 auxilium
945 1106 1126 1154 accersere
1146 1081 1289 1154 studue-

220 1216 316 1275 runt.
346 1200 417 1271 Sed
440 1225 523 1271 cum
557 1197 692 1270 viribus
721 1199 876 1296 impares
898 1198 1042 1270 duobus
1067 1199 1135 1270 illis
1161 1199 1288 1270 validis

219 1315 399 1415 pontilicis
413 1329 449 1386 et
464 1316 556 1411 regis
568 1314 780 1386 exercitibus
795 1316 1015 1407 exsisterent,
1026 1316 1088 1412 qui
1100 1316 1178 1411 jam
1195 1317 1288 1388 intra

219 1434 530 1509 limitesterrarum
539 1431 1133 1530 suarumseelluderant,pluraque
1144 1433 1288 1506 castella

219 1564 326 1624 antea
346 1573 420 1620 suae
434 1547 597 1640 ditionis,
617 1548 672 1619 vel
692 1561 791 1619 metu
808 1548 974 1619 exterrita
988 1547 1036 1619 ad
1051 1546 1173 1620 hostes
1193 1548 1289 1621 dele·

220 1668 322 1760 cisse,
340 1665 395 1738 vel
408 1664 455 1737 ab
470 1667 520 1737 eis
533 1665 569 1735 vi
582 1679 688 1762 capta
703 1678 740 1734 et
755 1662 894 1762 direpta
915 1662 1097 1757 viderent,
1118 1665 1186 1762 ipsi
1203 1690 1288 1762 pru·

219 1783 345 1857 denter
361 1782 683 1856 animadvertentes
702 1780 801 1877 quali
815 1779 1040 1877 subjacerent
1055 1782 1229 1880 periculo,
1259 1785 1288 1854 si

219 1901 352 1973 diutius
365 1899 502 1972 bellum
512 1896 702 1970 adversum
713 1924 751 1968 se
764 1914 1002 1997 procurreret,
1015 1900 1073 1969 cui
1088 1898 1126 1969 in
1137 1898 1288 1995 longum

218 2016 429 2090 sustinendo
439 2016 531 2087 vires
546 2040 631 2106 suae,
643 2015 749 2110 longe
760 2014 920 2087 bostium
936 2014 1104 2112 potentiae
1118 2014 1286 2112 impares,

219 2135 366 2205 minime
402 2131 565 2204 sufficere
590 2133 804 2229 potuissent,
828 2131 874 2202 de
898 2132 1141 2229 perquirendo
1168 2131 1289 2204 medio

218 2250 316 2348 pacis
332 2249 545 2344 cogitarunt.
556 2247 666 2343 Cujus
682 2247 733 2318 rei
750 2248 862 2342 gratia
874 2248 1063 2345 praedictus
1079 2250 1290 2320 Laurentius

220 2365 266 2438 de
280 2364 438 2459 Medicis,
454 2381 627 2463 tanquam
648 2367 694 2436 ‚in
730 2391 795 2438 sua
826 2365 1010 2465 republica
1035 2366 1226 2465 primarius
1254 2384 1290 2441 et

223 2483 437 2581 precipuus,
456 2498 491 2554 et
505 2481 554 2552 ob
571 2482 673 2577 cujus
687 2482 951 2555 emulationem
970 2498 1077 2580 atque
1102 2484 1228 2556 odium
1240 2486 1289 2558 illi

220 2596 266 2669 de
283 2597 394 2671 Passis
426 2611 541 2669 totum
561 2596 679 2690 illum,
708 2611 744 2668 et
767 2596 1017 2687 domesticum,
1044 2613 1081 2669 et
1103 2614 1290 2672 externum

219 2717 414 2789 tumultum
439 2717 652 2805 excitarant,
683 2740 724 2787 ex
749 2731 856 2814 portu
882 2716 1009 2788 Pisano
1042 2741 1126 2789 cum
1149 2717 1290 2790 duabus

221 2833 425 2906 triremibus
442 2831 627 2930 Neapolim
644 2831 690 2903 ad
710 2857 829 2927 regern
846 2833 1035 2929 navigavit.
1056 2833 1161 2930 Apud
1182 2859 1290 2932 quem

222 2965 258 3022 et
275 2950 350 3047 ejus
362 2949 623 3022 interventione
640 2948 737 3046 apud
757 2948 989 3047 pontificem,
1021 2949 1216 3021 Florentini
1237 2977 1289 3022 re·

222 3067 482 3140 conciliationis
501 3082 537 3139 et
553 3065 778 3138 discessionis
801 3091 822 3138 a
850 3067 947 3138 bello
971 3054 1119 3164 gratiam
1146 3070 1289 3140 invene-

224 3198 331 3274 runt;
353 3183 403 3255 sic
426 3182 544 3278 quod,
560 3181 662 3255 brevi
685 3183 768 3253 satis
784 3184 954 3280 temporis
981 3185 1108 3282 spati0,
1128 3183 1291 3281 hujusce-

226 3301 323 3373 modi
358 3325 543 3372 armorum
573 3298 753 3399 procella,
792 3323 871 3396 quae
901 3300 1113 3372 Florentinis
1145 3301 1291 3372 exitium

225 3416 350 3488 minari
376 3415 583 3508 videbatur,
603 3416 667 3488 Dei
689 3414 902 3512 providente
928 3415 1137 3509 clementia,
1155 3415 1290 3509 ,sedata

224 3550 298 3627 est,
318 3548 353 3605 et
377 3535 475 3631 pacis
504 3533 662 3604 rediviva
689 3532 832 3603 lenitate
859 3546 967 3628 atque
995 3532 1185 3605 dulcedine
1221 3531 1290 3604 fere

224 3653 412 3722 serenata¹.

226 3871 267 3928 roi
286 3870 322 3928 de
341 3869 446 3949 Naples
465 3869 549 3947 apres
567 3866 741 3947 l'expulsion
755 3866 805 3924 des
824 3869 958 3944 Francais
972 3888 1008 3926 en
1024 3871 1118 3941 tt963
1139 3868 1211 3928 mais
1224 3869 1291 3927 c'est

162 3949 169 3964 ’
224 3986 281 4024 unc
303 3985 412 4023 errcur.
439 3968 478 4023 Le
498 3963 613 4041 general
636 3982 694 4042 que
716 3963 743 4021 le
761 3963 805 4020 roi
823 3962 985 4021 Ferdinand
1008 3982 1122 4040 envoya
1138 3976 1240 4022 contre
1252 3962 1290 4020 les

226 4059 386 4118 Florentins
401 4059 444 4116 lut
460 4057 605 4128 Fredcric,
621 4069 716 4115 comte
729 4055 862 4115 d’Urbin.

266 4160 293 4210 t.
318 4152 453 4210 L’auteur
473 4151 566 4209 aurait
587 4171 626 4229 pu
644 4150 765 4223 justifies
788 4164 863 4209 cette
881 4150 1040 4229 digression
1065 4170 1101 4209 en
1122 4152 1236 4229 parlant
1256 4151 1291 4209 de

223 4246 437 4308 l'intervention
451 4246 488 4304 de
501 4245 589 4306 Iouis
604 4248 696 4304 x1en
711 4247 812 4305 favour
825 4246 875 4325 des
889 4246 1065 4316 Florentins3
1082 4246 1154 4304 mais
1168 4246 1188 4304 il
1201 4241 1290 4325 parsit
