2946 5070
197 505 254 563 ¹⁸8
463 498 719 559 mssonttttntt
739 498 916 557 tunovtffl
936 499 979 555 xt

197 635 283 706 dum
300 631 366 705 sibi
387 633 531 706 obviam
549 633 704 723 venisse,
724 630 815 701 illius
835 631 1006 728 praeclarae
1028 656 1099 701 sur
1116 631 1256 729 expedi·

197 751 303 822 tionis
309 749 590 821 hunchonorem
599 747 822 843 fructumque
833 747 963 835 retulit,
978 747 1078 817 illum
1089 747 1256 819 infamem

196 867 508 964 turpissimumque
527 864 623 962 pacis
648 877 854 952 tractatum
877 862 1057 959 factusque
1080 864 1180 934 velut
1205 888 1256 935 sa·

197 982 294 1053 telles
323 983 430 1080 ipsius
453 981 572 1072 ducis,
591 1005 673 1052 cum
699 980 828 1051 eodem
853 978 899 1051 ad
919 980 1151 1052 evertendum
1170 985 1257 1051 leo·

198 1098 299 1171 dium
321 1098 472 1194 illosque
500 1097 685 1168 Eburones
712 1120 774 1167 seu
800 1095 1011 1166 Leodienses
1030 1097 1145 1181 venit,
1168 1120 1258 1191 quos

198 1216 272 1311 ipse
287 1215 395 1312 paulo
409 1229 509 1306 ante,
528 1212 639 1284 multa
656 1237 693 1283 se
713 1213 764 1284 eis
786 1213 1022 1309 praestitumm
1039 1213 1169 1283 auxilia
1185 1213 1259 1309 pol·

197 1328 325 1419 licitus,
345 1330 382 1398 in
398 1352 498 1399 arma
508 1327 674 1399 adversus
688 1327 856 1398 eumdem
872 1325 1001 1398 ducem
1017 1342 1259 1398 commoverat

80 1450 85 1456 '
199 1459 304 1541 atque
330 1445 527 1516 excitarat¹.
554 1444 644 1514 Hinc
665 1442 866 1541 triumphos
894 1444 981 1538 egit,
999 1441 1076 1513 baec
1095 1444 1259 1539 preclara

199 1574 331 1657 tropaea
343 1559 388 1631 de
399 1559 502 1633 hoste
520 1560 637 1631 retulit
653 1574 759 1657 atque
776 1560 812 1630 in
829 1584 978 1654 regnum
990 1584 1095 1629 suurn
1110 1559 1255 1631 invexit!

248 1679 276 1745 Ε
295 1675 425 1772 quibus
442 1675 603 1773 prolecto
617 1677 699 1747 satis
713 1675 851 1746 elucere
866 1689 971 1770 atque
983 1674 1135 1746 indicari
1149 1677 1260 1777 potuit

200 1816 308 1887 quam
335 1792 433 1862 sortis
458 1807 493 1863 et
519 1791 644 1864 excelsi
672 1792 781 1862 animi
807 1791 926 1880 luerit,
960 1792 1021 1887 qui
1050 1816 1125 1862 non
1153 1793 1259 1864 modo

200 1906 338 1979 hostem
367 1908 514 2006 impune
536 1906 634 1978 abire
661 1908 831 2005 permisit,
861 1931 945 1978 cum
966 1906 1094 1977 eodem
1117 1908 1260 1978 minime

201 2045 306 2093 ausus
328 2022 518 2119 congredi,
538 2022 643 2119 longe
661 2038 780 2093 tamen
801 2022 914 2119 copiis
935 2035 1041 2117 atque
1059 2021 1197 2093 viribus
1215 2023 1261 2092 iu·

203 2137 379 2230 seriorem,
395 2163 521 2212 verum
537 2140 644 2210 etiam
660 2139 781 2237 spoliis
798 2139 869 2209 suis
885 2139 1019 2236 optime
1037 2153 1208 2209 onustum
1221 2163 1261 2209 ac

202 2251 368 2324 refertum
385 2253 527 2325 dimisit.
885 2269 887 2271 ’

251 2373 362 2440 Porro
376 2369 463 2466 quid
479 2370 524 2441 de
543 2370 611 2443 alia
633 2368 858 2467 expeditione
874 2367 1023 2439 reseram
1040 2393 1163 2465 quam,
1182 2395 1260 2441 cum

202 2483 276 2578 ipse
300 2483 593 2579 Burgundionum
622 2484 691 2555 dux
720 2482 912 2555 Ambianos
937 2483 1116 2555 obsideret
1142 2486 1262 2580 (quam

203 2596 379 2699 ciuitatem
405 2599 561 2670 resoluto
584 2599 714 2670 soedere
738 2623 904 2696 percusso
926 2601 962 2668 in
988 2604 1141 2689 Perona,
1162 2601 1262 2671 simul

204 2734 286 2781 cum
310 2710 445 2812 oppido
466 2708 739 2786 viromandensi
762 2713 861 2808 quod
886 2715 1181 2801 Sarrchuinuni
1207 2740 1263 2812 ap-

204 2828 367 2923 pellatur,
392 2854 451 2900 rex
475 2828 541 2899 sibi
560 2828 779 2924 abstulerat),
798 2832 986 2902 contractis
1002 2829 1046 2900 de
1063 2845 1141 2901 toto
1158 2856 1263 2926 regno

205 2945 367 3016 maximis
384 2945 497 3042 copiis
519 2946 556 3015 in
576 2943 719 3042 oppidis
736 2960 771 3015 et
790 2943 947 3016 finitimis
964 2946 1055 3041 agris
1074 2971 1264 3042 congrega·

205 3059 285 3130 rat?
305 3064 424 3156 Neque
440 3062 536 3132 enim
557 3060 699 3132 difficile
718 3075 822 3131 tautae
841 3062 971 3158 talique
985 3062 1118 3132 militiae
1135 3064 1262 3154 luerat,

205 3174 233 3244 si
261 3174 430 3247 ducatum
459 3178 590 3248 strenui
617 3191 653 3247 et
682 3178 897 3272 magnanimi
929 3177 1028 3249 ducis
1062 3179 1262 3269 habuisset,

206 3288 347 3362 bostem
367 3317 457 3389 saepe
481 3316 662 3389 superasse
687 3308 792 3389 atque
810 3294 1030 3390 protrivisse,
1052 3320 1132 3391 quae
1151 3311 1187 3367 et
1205 3322 1265 3367 nu-

207 3430 306 3476 mero
323 3422 358 3477 et
375 3408 482 3478 armis
499 3431 540 3478 ac
558 3407 693 3481 viribus
707 3408 813 3504 louge
829 3409 980 3480 validior
997 3425 1031 3480 et
1046 3413 1267 3509 praestantior

206 3538 293 3593 erat.
315 3523 514 3619 Aliquando
539 3525 704 3619 equidem
730 3540 764 3595 et
787 3525 948 3623 pluribus
966 3529 1183 3600 continuatis
1199 3529 1268 3600 die·

207 3636 274 3708 bus
300 3640 383 3735 ipsis
403 3638 647 3710 obsessoribus
676 3664 820 3712 annona
842 3642 979 3733 deerat,
1002 3658 1075 3714 tam
1098 3669 1166 3742 pro
1189 3645 1268 3715 viris

207 3780 314 3853 quam
336 3780 404 3853 pro
427 3756 527 3852 equis
548 3758 636 3842 suis,
662 3782 744 3826 cum
761 3771 878 3829 tamen
904 3773 939 3828 et
955 3758 1107 3830 obsessis
1125 3776 1159 3831 et
1182 3763 1270 3856 regis

206 3872 372 3945 exercitui
388 3872 510 3946 omnia
525 3870 678 3941 ubertim
695 3872 930 3945 abundarent.
950 3875 1021 3945 Sed
1037 3875 1271 3949 nihilominus

207 3990 251 4061 ad
274 4004 453 4063 certamen
481 4002 517 4060 et
541 4013 767 4081 congressum
794 3992 868 4087 ipse
892 4017 951 4062 rex
977 3994 1194 4066 descendere
1216 3995 1269 4066 vel

249 4227 277 4281 t.
294 4224 370 4298 Voy.
386 4235 408 4280 t.
421 4224 473 4298 11,
487 4242 517 4300 p.
534 4225 592 4280 190
607 4234 635 4278 et
648 4224 717 4280 200.
