2946 5070
603 442 712 500 LIBER
732 439 883 498 SEXTUS.
1229 442 1266 499 ln!

206 597 289 645 rum
306 599 390 644 cunr
406 597 451 644 eo
465 587 686 668 treugarum,
709 555 960 668 occupaverat,
984 594 1050 642 suo
1071 569 1156 643 duci
1177 573 1267 669 ejus-

205 714 278 787 que
295 688 439 785 conjugi
462 713 587 761 omnes
612 689 821 760 restitueret.
852 684 960 774 Quod
983 700 1077 759 certe
1098 714 1185 760 num
1206 713 1266 760 rex

206 804 364 878 facturus
388 805 495 898 soret,
513 806 651 877 cunctis
678 790 787 878 lerme
803 801 1010 876 incredibile
1027 819 1134 903 atque
1150 806 1267 904 inopi·

206 920 329 993 nabile
343 920 546 994 videbatur.

256 1040 361 1111 Unde
383 1042 420 1113 in
446 1041 543 1114 dicto
568 1057 766 1134 conventu,
791 1066 874 1113 cum
902 1041 946 1113 de
978 1041 1116 1134 multis,
1139 1057 1269 1114 statum

204 1169 383 1227 terrarum
400 1156 501 1228 ducis
516 1156 830 1250 concernentibus,
850 1157 1084 1257 deliberatum
1104 1158 1186 1228 satis
1207 1157 1270 1228 diu

205 1269 300 1341 inter
317 1271 655 1368 Statnslrujusmodi
674 1287 849 1343 terrarum
865 1286 901 1343 et
919 1273 1114 1371 patriarum
1131 1272 1267 1364 suisset,
1324 1266 1329 1277 ’

204 1385 253 1458 de
268 1387 514 1486 providend0,
530 1402 603 1460 tam
618 1388 663 1459 de
681 1389 807 1461 militia
825 1388 1021 1489 necessaria
1036 1387 1082 1459 ad
1100 1387 1271 1460 obsisten-

204 1495 296 1569 dum
316 1497 451 1570 viribus
479 1501 582 1595 regis,
611 1498 788 1597 quamde
813 1499 954 1571 tributis
981 1499 1210 1597 imponendis
1237 1516 1271 1572 et

204 1609 415 1705 colligendis
431 1610 478 1682 ad
495 1611 671 1709 stipendia
695 1612 826 1716 militiae
853 1612 1016 1684 facienda
1037 1627 1270 1710 sumptusque

206 1724 441 1813 necessarios,
471 1737 506 1794 et
533 1722 578 1794 de
603 1722 776 1816 ducibus,
800 1737 906 1820 atque
931 1723 1058 1794 ordine
1091 1738 1127 1797 et
1156 1724 1271 1796 sorma

205 1833 243 1903 in
259 1831 358 1906 bello
379 1833 556 1906 habendis
573 1851 608 1907 et
630 1833 811 1927 tenendis,
834 1836 1018 1906 conclusio
1036 1851 1181 1933 accepta
1196 1851 1267 1926 est,

205 1963 380 2046 tanquam
404 1963 540 2020 certum
564 1964 598 2020 et
622 1947 864 2020 indubitatum
882 1948 1055 2022 ducerent
1077 1948 1123 2021 ad
1144 1950 1268 2022 recidi·

204 2091 294 2138 vum
308 2063 447 2139 bellum
459 2066 542 2161 'sore
559 2066 837 2140 deveniendum.

254 2183 335 2254 Fuit
355 2199 474 2255 autem
500 2209 560 2255 rex
578 2209 642 2283 per
665 2183 803 2281 aliquos
824 2207 964 2255 menses
979 2183 1169 2277 hiemales,
1189 2201 1271 2258 ante

203 2316 242 2373 et
272 2302 367 2373 circa
397 2302 483 2374 festa
513 2301 701 2374 dominicae
730 2300 1006 2392 lncarnationis,
1040 2302 1076 2371 in
1109 2301 1268 2397 quodam

203 2431 322 2489 castro
348 2417 438 2488 ultra
460 2416 592 2489 llumen
624 2417 771 2513 Ligeris,
800 2418 895 2488 circa
921 2420 1172 2513 Caynonem¹3
1206 2417 1267 2487 ubi

191 2558 310 2623 cnm,
348 2533 598 2605 venationibus
623 2524 659 2604 et
690 2531 934 2629 voluptatibus
957 2533 1028 2604 suis
1060 2548 1098 2603 ut
1127 2549 1267 2605 vacaret

203 2645 371 2740 liberius,
392 2649 459 2721 nisi
473 2648 660 2746 perpaucis
677 2647 775 2719 adse
794 2646 932 2719 aditum
952 2645 1077 2718 haberi
1093 2673 1166 2719 nou
1185 2673 1266 2746 per·

203 2765 377 2853 mitteret,
400 2779 451 2857 et,
478 2764 655 2862 dispositis
678 2787 828 2834 suorum
850 2761 1038 2833 satellitum
1065 2788 1129 2861 per
1154 2765 1266 2861 spatia

202 2877 430 2971 custodibus,
451 2879 540 2971 vias,
559 2902 623 2976 per
636 2903 724 2975 quas
742 2878 890 2976 propior
906 2875 952 2949 ad
970 2901 1007 2948 se
1023 2902 1183 2952 accessus
1199 2880 1264 2953 ha-

203 2995 281 3068 beri
294 2996 484 3094 potuisset,
501 2995 630 3067 laceret
642 2993 835 3067 custodiri:
851 3019 894 3066 ex
906 3018 949 3066 ea
964 3018 1003 3065 re
1017 3019 1140 3066 rumor
1152 2997 1263 3068 maxi·

201 3138 285 3184 mus
301 3110 478 3183 increbuit
493 3137 557 3210 per
573 3136 699 3183 omnes
717 3124 827 3181 terras
845 3108 961 3201 ducis,
983 3111 1082 3206 quod
1105 3112 1179 3209 ipse
1201 3138 1261 3183 rex

201 3232 240 3303 in
256 3229 364 3301 tale'm
385 3230 544 3328 corporis
558 3230 611 3301 sui
629 3227 907 3300 invaletudinem
930 3228 1144 3320 incurrerat,
1163 3228 1261 3325 quod

200 3351 409 3445 nunquam¹
427 3373 493 3420 nec
520 3372 631 3443 equo,
655 3371 721 3418 nec
746 3370 853 3416 curru
874 3346 1006 3416 vectari
1032 3362 1169 3444 posset,
1195 3373 1261 3421 nec

200 3459 287 3532 inde
304 3460 376 3532 ulla
391 3459 613 3532 medicorum
637 3482 706 3555 ope
724 3472 786 3530 aut
806 3455 978 3528 industria
997 3459 1256 3534 convalescere.

200 3577 273 3665 Qui
298 3601 422 3647 rumor
448 3575 580 3648 nedum
605 3590 715 3646 terras
738 3572 857 3664 ducis,
878 3571 940 3643 sed
961 3572 1130 3670 plurimas
1151 3578 1258 3652 etiam

188 3694 303 3788 ,regni
324 3693 524 3790 provincias
539 3692 646 3787 vulgo
660 3689 886 3787 adimplevit;
908 3690 956 3761 ita
973 3705 1012 3760 ut
1030 3692 1136 3764 etiam
1155 3719 1256 3787 eum,

245 3940 273 3995 l.
296 3936 404 4014 Legere
419 3933 622 3994 inexactitude.
638 3936 678 3992 Le
691 3932 734 3991 roi
749 3931 817 3988 etait
832 3933 852 4010 a¹
863 3930 992 3990 Thouars
1014 3935 1031 3989 a
1048 3933 1075 3990 la
1093 3934 1132 3991 lin
1152 3933 1188 3991 de
1206 3934 1261 3992 de·

201 4027 320 4088 cembre
335 4034 429 4102 14783
444 4031 515 4088 mais
528 4030 547 4087 il
563 4048 646 4108 passa
660 4047 717 4086 nne
729 4015 821 4105 partie
834 4023 871 4083 de
884 4025 989 4083 fertior
1002 4026 1078 4084 etde
1092 4047 1167 4085 mars
1182 4031 1259 4088 itta

202 4142 260 4182 anx
274 4127 391 4201 Forges,
406 4125 472 4202 pres
486 4123 523 4181 de
535 4122 658 4182 Chinon.

243 4222 273 4276 2.
298 4218 392 4275 Plutdt
404 4238 550 4293 nusquam.

303 4335 339 4373 ut
831 4348 838 4356 ·
1086 4315 1104 4373 ¹·
