2946 5070
576 487 688 545 uum
709 484 901 543 summus.
1208 491 1264 548 ll'l

253 617 411 689 Consilio
425 631 545 690 autem
561 616 679 690 statim
694 641 737 688 ex
752 630 915 713 tempore
931 629 1096 713 accepto,
1112 642 1207 711 nou,
1228 634 1268 692 ut

203 733 324 831 priore
340 733 436 821 vice,
453 732 500 806 ad
516 757 622 805 suum
641 731 870 813 domicellum
891 731 1111 824 Clivensem,
1131 733 1194 809 sed
1219 733 1266 807 ad

202 873 309 923 suum
327 848 535 949 pontificem
551 849 729 948 optimum
746 862 853 945 atque
869 848 1067 946 piissimum
1088 873 1268 923 accersen-

202 963 292 1038 dum
308 966 498 1060 miserunt,
514 966 577 1062 qui
593 965 630 1037 in
646 989 712 1037 suo
724 962 860 1062 oppido
875 963 920 1035 de
935 970 989 1034 W
977 963 1068 1060 sol,
1088 989 1111 1039 a
1126 966 1267 1041 civitate

204 1104 279 1155 non
299 1083 453 1181 amplius
470 1080 614 1154 duobus
629 1078 841 1154 milliaribus
861 1080 982 1178 patriae
1002 1095 1140 1154 remoto
1152 1097 1267 1176 ,tunc

202 1198 430 1274 consistebat.
455 1203 568 1273 Laetus
593 1199 699 1295 igitur
730 1197 827 1270 idem
852 1196 1127 1295 benignissimus
1151 1216 1264 1299 pater,

202 1315 403 1414 gratiasque
427 1340 536 1412 agens
550 1319 629 1389 Deo
653 1314 753 1414 quod
773 1315 823 1388 ita
840 1313 1005 1408 dulciter,
1024 1316 1160 1414 absque
1180 1343 1267 1391 san-

202 1429 320 1526 guinis
339 1429 533 1524 effusione,
558 1431 654 1504 cives
673 1454 696 1503 a
720 1429 901 1527 sejugum
929 1433 1121 1528 tyrannica
1149 1432 1277 1506 domi·'

203 1547 359 1638 undonis
380 1562 630 1641 excusserant,
659 1571 785 1619 omnes
807 1562 942 1620 erratus
970 1573 1054 1621 suos
1076 1549 1268 1649 culpasque

201 1664 396 1740 clementer
410 1666 461 1739 eis
474 1663 701 1757 condonans,
717 1663 991 1760 immemorque,
1000 1665 1102 1762 juxta
1113 1690 1269 1765 praecep·

202 1796 280 1857 tum
296 1781 473 1874 divinum,
490 1782 609 1857 omnis
622 1780 759 1879 injuriae
775 1780 907 1853 civium
920 1805 1094 1876 suorum,
1115 1782 1194 1882 ipso
1210 1784 1268 1858 die

200 1921 286 1973 cum
295 1899 468 1973 comitatu
480 1898 719 1971 ducentorum
728 1897 866 1970 circiter
877 1915 1098 1974 armatorum
1108 1901 1269 1997 equiturn

201 2037 245 2089 ac
276 2013 438 2113 peditum
470 2014 648 2087 civitatem
673 2013 835 2105 intravit,
856 2012 932 2110 jam
957 2014 1270 2116 advesperascente

202 2128 280 2221 die,
297 2131 371 2203 imo
386 2131 461 2226 J'am
476 2144 582 2202 nocte
601 2129 741 2201 circiter
759 2153 824 2227 per
836 2128 927 2203 duas
941 2130 1050 2204 horas
1063 2131 1217 2231 incepta.

250 2249 441 2345 Susceptus
454 2259 507 2319 est
522 2261 677 2318 autema
692 2244 830 2318 civibus
840 2270 925 2317 cum
937 2247 1093 2321 maximo
1105 2251 1270 2325 omnium

202 2361 386 2437 bonorum
401 2363 593 2463 applausu,
606 2361 844 2436 luminaribus
858 2388 922 2461 per
938 2363 1068 2437 domos
1085 2380 1121 2436 et
1136 2366 1270 2466 plateas

201 2480 258 2553 iu¹
286 2478 422 2552 lacibus
451 2478 584 2576 ubique
617 2478 788 2552 accensis.
814 2483 997 2552 Bonorum
1029 2496 1149 2556 antem
1181 2483 1270 2556 dixi·

201 2620 304 2690 mus,
332 2595 480 2694 quando
508 2593 612 2668 multi
643 2593 763 2666 adhuc
788 2594 826 2665 in
847 2595 988 2683 qivitate
1013 2612 1132 2690 erant,
1158 2613 1193 2670 et
1223 2599 1268 2670 de

200 2712 299 2787 clero
319 2728 355 2788 et
371 2712 418 2785 de
432 2711 552 2803 laicis,
575 2707 708 2807 quibus
723 2733 766 2782 ea
782 2733 838 2782 res
857 2710 1088 2784 vehementer
1109 2712 1268 2811 displice·

200 2826 285 2915 bat,
314 2853 382 2901 nec
408 2841 549 2926 poterat
574 2826 647 2899 ulla
671 2826 809 2899 ratione
833 2850 961 2898 eorum
983 2852 1170 2927 perversus
1193 2832 1270 2905 ani·

200 2971 302 3040 mus,
322 2946 417 3018 serus
434 2970 477 3020 ac
492 2944 710 3037 indomitus,
730 2943 778 3019 ad
796 2941 1041 3020 obediendum
1062 2946 1180 3027 eidem
1201 2975 1267 3023 suo

200 3061 378 3164 pontifici,
395 3064 452 3137 vel
469 3087 552 3148 eum
565 3062 760 3154 colendum
777 3061 909 3133 inflecti
921 3090 931 3153 3
944 3062 1007 3135 sed
1022 3077 1108 3136 tuuc
1125 3090 1266 3141 necesse

199 3181 252 3253 eis
264 3181 330 3253 suit
345 3194 385 3253 ut
405 3180 545 3253 «altum
561 3190 763 3277 premerent
776 3175 990 3275 [sub]corde
1007 3178 1200 3255 dolorem»
1215 3199 1262 3280 et,

200 3299 258 3373 vol
273 3298 458 3390 simulate,
477 3298 619 3392 signum
636 3294 790 3393 quodvis
802 3294 927 3366 laetitiae
944 3297 1097 3369 exterriti
1116 3316 1263 3398 porten-

200 3415 340 3495 dorent.
374 3413 556 3512 Nam'ipsi
578 3412 731 3484 nimium
752 3427 855 3484 eraut
878 3427 915 3486 ct
943 3439 1094 3489 numero
1120 3431 1156 3488 et
1180 3420 1263 3493 viri·

199 3529 272 3607 bttt
299 3530 453 3630 impares
470 3530 526 3602 his
545 3530 608 3627 qui
628 3528 675 3601 de
702 3528 971 3626 recuperatione
993 3556 1064 3604 suae
1094 3532 1264 3609 libertatis

198 3660 236 3720 et
251 3662 486 3745 tyrannorum
499 3646 709 3745 depulsione
725 3658 802 3718 toto
820 3645 929 3718 corde
945 3648 1161 3742 gaudebant.

251 3762 552 3856 numerianum,
571 3763 633 3859 qui
649 3761 696 3835 ad
716 3761 907 3834 commissa
928 3763 996 3836 sibi
1018 3790 1128 3865 opera
1144 3769 1263 3846 emissi

201 3881 426 3973 exstiterant,
454 3879 501 3952 ad
528 3901 711 3977 vesperam
735 3876 945 3969 redeuntes,
974 3879 1118 3978 objectu
1144 3900 1263 3982 porta·

202 4022 282 4069 rum
299 3998 432 4071 intrare
450 3993 639 4095 prohibiti,
662 4017 738 4068 sese
752 3993 791 4064 in
806 3992 1015 4070 suburbano
1033 3997 1258 4094 locaverunt,

240 4232 271 4290 t.
292 4230 425 4311 araga
445 4250 490 4289 a.
