2946 5070
205 491 243 547 88
478 485 732 543 mstottttttuu
753 485 932 542 LUDOVICI
951 485 980 540 X

207 644 286 691 mm
314 641 463 691 manum
490 616 685 688 adsciscere
710 631 745 688 et
770 616 1004 689 intromittere
1030 632 1193 715 possent,
1219 618 1265 688 el·

206 734 315 807 fracta
332 733 392 804 illa
412 747 516 831 porta
541 732 709 823 civitatis»,
735 756 849 832 prope
869 756 978 830 quam
996 730 1204 824 adstabant,
1223 732 1265 803 ad

205 849 374 923 eumdem
392 848 438 921 ad
455 864 610 921 castrum
624 848 670 921 de
683 853 734 916 W
731 848 802 942 r'clr,
820 847 883 920 ubi
895 846 1130 941 consistebat,
1148 874 1266 921 curso·

205 991 261 1037 res
276 965 556 1037 destinavertmt.
579 968 623 1035 Et
639 965 713 1061 ipse
731 964 896 1060 quidem,
914 977 953 1034 ut
969 979 1057 1035 tunc
1075 961 1264 1056 ferebatur,

81 1091 85 1103 '
206 1082 299 1153 celer
321 1104 505 1153 accurrere
528 1094 563 1150 et
584 1079 655 1150 suis
678 1077 874 1150 fautoribus
896 1102 1001 1175 opem
1028 1077 1118 1148 serre
1143 1102 1268 1177 prope·

207 1221 302 1289 rans,
331 1194 376 1267 ad
400 1195 560 1266 medium
586 1186 712 1289 usone,
740 1193 831 1264 inter
854 1193 959 1264 Wick
986 1207 1022 1264 et
1047 1193 1265 1289 Traiectum,

207 1310 380 1409 pervenit.
396 1307 466 1380 Sed
478 1332 560 1379 cum
574 1307 742 1379 dominus
756 1307 801 1378 de
815 1307 1020 1379 Montelorti
1033 1322 1068 1379 et
1080 1308 1142 1404 qui
1153 1307 1267 1379 eidem

205 1425 412 1518 adstabant,
430 1424 627 1522 periculum
647 1423 917 1515 intellexissent,
935 1438 971 1494 et
992 1422 1114 1520 quod,
1140 1421 1188 1494 ad
1213 1424 1269 1495 in-

205 1540 470 1614 troducendum
497 1539 661 1610 inimicos
687 1563 772 1610 suos
802 1540 838 1608 in
860 1538 1056 1629 civitatem,
1086 1553 1199 1636 portae
1219 1539 1267 1610 es·

207 1658 343 1748 fractae,
363 1671 492 1754 apertae
515 1668 698 1755 paterent,
719 1654 767 1727 ad
780 1649 1010 1756 ¹obviandum
1025 1655 1186 1752 periculo
1209 1678 1269 1726 ex-

206 1774 341 1872 templo
358 1773 546 1844 consilium
570 1772 719 1870 accepit.
739 1775 827 1843 Nam
848 1771 995 1870 stipatus
1014 1771 1167 1844 rutheris
1187 1772 1266 1864 illis,

207 1913 300 1986 quos
325 1903 493 1985 perante,
525 1887 577 1959 uti
593 1886 766 1981 diximus,
789 1887 825 1957 in
848 1886 1027 1958 civitatem
1044 1885 1090 1958 ad
1114 1911 1152 1958 se
1170 1910 1267 1958 com·

207 2003 444 2076 muniendum
465 2005 666 2097 invexerat,
687 2016 793 2100 atque
818 2004 895 2075 aliis
916 2002 1124 2077 satellitibus
1140 2005 1204 2100 qui
1223 2003 1269 2077 ad

206 2146 243 2194 se
262 2121 528 2213 confluxerant,
545 2122 636 2192 inter
651 2145 743 2217 quos
757 2134 834 2192 erat
848 2119 947 2192 velut
960 2119 1160 2219 praecipuus
1180 2145 1270 2191 unus

202 2238 343 2333 juvenis
370 2235 644 2329 audacissimus,
670 2237 841 2309 Henricus
870 2231 1136 2326 denuntiet
1163 2238 1270 2336 ipsius

206 2353 344 2425 domini
359 2352 405 2424 de
422 2354 625 2427 Monteforti
642 2355 775 2426 sororis
793 2353 908 2446 filius,
928 2379 948 2425 e
965 2354 1081 2452 platea
1098 2355 1267 2448 civitatis,

207 2483 386 2567 preeunte
406 2467 557 2563 vexillo,
583 2494 704 2542 versus
726 2485 866 2569 portam
888 2495 1001 2568 prope
1024 2494 1134 2567 quam
1155 2471 1268 2545 adsta·

207 2586 296 2658 bant
313 2585 522 2678 adversarii,
549 2586 746 2658 contendit.
774 2585 843 2659 Ubi
861 2612 944 2658 cum
968 2588 1004 2657 in
1028 2611 1091 2658 eos
1107 2585 1268 2659 adversa·

208 2703 280 2773 rios
290 2699 712 2796 bombardulasjacerent
723 2716 757 2773 et
768 2703 836 2775 alia
845 2702 1002 2794 missilia,
1014 2702 1268 2800 paululumque

114 2902 117 2909 Ι
207 2817 396 2890 adversarii
413 2815 584 2887 obsistere
603 2831 832 2910 conarentur,
852 2815 965 2889 tribus
983 2831 1045 2888 aut
1057 2832 1214 2915 quatuor
1228 2843 1269 2889 ex

208 2934 291 3033 ipsis
306 2933 353 3005 de
370 2932 472 3005 dictis
488 2931 679 3005 missilibus
695 2947 731 3006 et
744 2933 870 3030 jaculis
883 2934 938 3005 vel
959 2934 1104 3022 occisis,
1122 2935 1179 3006 vel
1191 2958 1268 3007 sau·

209 3047 284 3138 ciis,
297 3048 434 3146 reliqua
443 3045 635 3118 multitudo
646 3061 743 3145 terga
754 3047 864 3119 dedit.
878 3053 979 3136 Quos
990 3047 1182 3121 adversarii
1193 3074 1270 3147 per·

210 3178 409 3259 sequentes,
424 3163 594 3235 excedere
605 3164 744 3235 civitate
759 3189 823 3263 per
834 3179 993 3264 portam,
1007 3189 1117 3259 quam
1130 3165 1270 3261 ellrege·

208 3295 308 3374 rant,
322 3294 515 3378 coegerunt
526 3309 535 3368 3
547 3280 772 3353 eteffractam
790 3296 949 3380 portam,
970 3308 1015 3353 ne
1032 3283 1086 3354 vel
1103 3282 1196 3371 aliis,
1216 3282 1267 3353 vel

211 3396 294 3494 ipsis
314 3397 431 3469 aditus
447 3421 512 3495 per
534 3421 614 3468 eam
631 3410 768 3496 pateret
788 3398 834 3470 ad
852 3397 1049 3490 civitatem,
1070 3398 1188 3469 statim
1204 3396 1269 3470 ob·

205 3527 368 3584 serarunt
383 3527 419 3584 et
439 3513 657 3585 munierunt.
678 3517 905 3611 Eorumque,
931 3515 993 3611 qui
1010 3515 1060 3586 sic
1086 3517 1269 3592 exiverunt

206 3643 240 3700 et
265 3653 330 3727 per
357 3628 475 3723 lugam
500 3655 571 3700 suae
595 3631 699 3703 saluti
729 3632 1001 3724 consuluerunt,
1029 3656 1201 3705 numerus
1223 3632 1269 3706 ad

205 3745 421 3841 quingentos
437 3769 549 3843 usque
563 3770 605 3817 ex
623 3746 952 3820 honorabilioribus
966 3749 1103 3821 civibus
1121 3766 1157 3824 et
1174 3750 1269 3824 locu·

206 3859 416 3957 pletioribus
436 3861 626 3932 ascendere
650 3862 826 3934 ferebatur
851 3890 858 3933 :
886 3866 948 3961 qui
973 3889 1010 3937 se
1032 3867 1151 3965 primo
1173 3867 1266 3966 apud

207 3976 381 4074 oppidum
415 3974 460 4046 de
497 3977 601 4048 Wiclr
634 3978 862 4077 recipientes,
898 3980 1027 4056 deinde
1057 4008 1122 4082 per
1151 3986 1268 4058 vicina

248 4139 277 4194 l.
300 4136 446 4193 Wteoetde
474 4134 545 4194 dans
568 4137 595 4196 le
623 4158 676 4197 ms.
707 4140 874 4214 Matthaeus,
904 4147 1041 4201 Heni-icus
1066 4166 1085 4201 a
1114 4150 1225 4215 Zuyten
1250 4167 1268 4203 a

206 4229 339 4300 mavolt,
354 4244 466 4285 comme
479 4228 635 4304 ci-dessus‚
652 4252 682 4310 p.
699 4235 748 4290 76.
