2946 5070
219 444 279 503 m
641 439 854 512 nowen,

220 596 285 669 pro
299 569 513 667 quibusdam
525 593 651 668 parum
665 586 727 642 aut
740 571 831 642 nihil
843 573 1048 643 necessariis
1059 597 1122 645 seu
1139 573 1278 645 utilibus

218 690 343 775 causis,
363 688 547 784 legationis
561 712 679 778 causa,
698 688 1018 788 proficisceremur.

267 808 353 890 Quae
370 831 424 876 res
442 804 547 876 uobis
569 820 604 877 et
621 807 735 900 gravis
755 806 803 878 ad
819 806 1039 906 portandum
1057 823 1095 890 et
1111 808 1279 880 molestis·

217 922 307 994 sima
324 922 400 1012 suit,
420 947 503 994 curu
514 938 549 995 et
562 922 608 993 de
618 921 819 1020 sumptibus
833 939 870 1019 et
885 926 1023 997 viaticis
1034 923 1140 997 nohis
1155 923 1281 996 fiendis

218 1040 315 1112 nulla
342 1066 487 1140 prorsus
511 1042 647 1113 mentio
672 1040 878 1131 haberetur,
903 1057 938 1113 et
964 1044 1158 1142 via‚.quae.
1172 1044 1282 1135 conli-

217 1156 345 1229 cienda
365 1172 455 1248 erat,
481 1157 644 1237 maximis
666 1172 701 1229 et
719 1183 926 1255 guerrarum
943 1173 979 1231 et
992 1148 1282 1257 ‚latrunculorum

218 1268 441 1345 obsideretur
459 1269 637 1369 periculis·
658 1270 728 1344 Sed
746 1271 853 1345 etiam
870 1286 905 1344 et
922 1272 1013 1346 citra
1029 1287 1065 1345 et
1080 1273 1195 1345 multo
1211 1298 1284 1347 am·

218 1384 310 1495 plius
335 1386 425 1458 ultra
449 1389 658 1485 Pyrenaeum
683 1386 737 1458 sol
760 1384 1016 1479 incalescebat,
1041 1389 1093 1461 ita
1119 1404 1178 1479 ut,
1200 1414 1281 1461 cum

219 1503 455 1576 Barcinouam
471 1505 697 1594 venimus,'et
709 1503 799 1576 fabae
815 1504 853 1576 in
870 1505 963 1602 agris
975 1505 1051 1602 jain
1067 1505 1169 1578 siccae
1185 1520 1221 1576 et
1233 1505 1283 1577 ni·

218 1642 300 1717 grae,
319 1634 354 1690 et
370 1645 500 1692 messes
516 1645 558 1691 ex
571 1634 672 1718 parte
688 1619 843 1692 collectae
861 1636 988 1693 essent.
1008 1620 1080 1693 Sed
1095 1637 1173 1695 esto
1188 1620 1282 1719 quod

219 1758 286 1806 nec
303 1735 347 1809 de
366 1737 502 1809 viaticis
519 1737 638 1834 aliqua
655 1734 763 1807 nobis
778 1733 923 1808 daretur
938 1737 1112 1843 provisio,
1132 1763 1200 1811 nec
1213 1737 1281 1815 ulla

218 1851 302 1922 satis
321 1850 517 1949 probabilis
542 1853 633 1924 ratio
657 1852 810 1950 exigeret
834 1866 875 1924 ut
899 1850 960 1924 tali
989 1852 1132 1954 muneri
1157 1851 1282 1924 subde-

218 1990 352 2059 remur,
368 1983 508 2059 tamen,
530 1968 648 2040 omnis
664 1967 899 2040 excusatiOuis
916 1967 1046 2066 rejecta
1057 1967 1278 2063 allegatione,

219 2078 325 2156 nobis
345 2108 469 2184 parere
494 2083 678 2187 praeceptis
698 2077 841 2156 necesse
862 2082 940 2153 fuit.
960 2082 1026 2154 lllo
1043 2082 1164 2183 itaque
1180 2098 1278 2173 tuuc,

219 2214 258 2270 ut
273 2199 440 2291 diximus,
462 2217 638 2299 tempore,
656 2225 739 2293 cum
755 2200 863 2303 potiri
878 2200 1023 2289 licentia
1039 2200 1085 2273 de
1099 2200 1279 2274 redeundo

218 2317 255 2389 in
280 2318 466 2392 Franciam
489 2317 595 2391 nobis
617 2317 757 2390 indulta
778 2342 1034 2417 sperassemus,
1059 2333 1096 2390 et
1111 2319 1205 2391 irllra
1227 2319 1280 2390 tri·

219 2431 331 2504 duum
349 2456 416 2503 nos
438 2434 637 2506 recessuros
661 2433 981 2534 proposuissemus,
1001 2434 1202 2513 necessario
1218 2458 1279 2505 no·

219 2532 588 2657 bis'prohciscendum
612 2550 677 2627 luit
697 2564 732 2620 et
752 2546 915 2649 praelatos
940 2549 1070 2623 ducem
1091 2573 1135 2621 ac
1158 2549 1279 2625 urbem

219 2663 454 2737 Barcinouam
473 2663 584 2738 adire.
604 2671 646 2736 ln
663 2691 736 2763 quo
753 2665 891 2764 itinere,
910 2691 994 2737 cum
1009 2666 1126 2769 patria
1142 2666 1203 2740 illa
1219 2670 1279 2740 Ca·

220 2779 358 2852 talouiu
380 2806 458 2878 qum
472 2782 757 2880 ampuritanum¹
774 2781 983 2881 appellatur,
1006 2783 1164 2855 totaliter
1186 2808 1279 2882 pane

218 2898 323 2970 variis
344 2923 550 2994 guerrarum
571 2896 832 2971 calamitatibus
850 2880 1000 2988 vastata,
1021 2913 1099 2972 tota
1122 2900 1279 2998 squalens

218 3027 324 3108 atque
341 3013 475 3084 inculta
493 3013 638 3110 jaceret,
664 3027 801 3086 tantam
822 3012 1062 3111 hospitiorum
1081 3015 1277 3086 incommo-

219 3126 382 3217 ditatem,
401 3139 537 3201 tantam
556 3128 761 3199 victualium
784 3130 1063 3229 'caeterarumque
1080 3155 1202 3203 rerum
1219 3155 1279 3230 pe·

219 3241 360 3317 ruuiam
374 3241 466 3340 passi
478 3268 612 3338 sumus,
627 3259 666 3317 ut
682 3268 782 3368 paeue
800 3243 995 3344 aliquando
1012 3261 1139 3340 noset,
1156 3237 1279 3345 quibus

219 3355 452 3448 vehebamur,
472 3357 634 3455 jumenta
658 3359 750 3434 lame
768 3360 1014 3435 defecerimus.

218 3534 351 3599 loculus,
367 3531 539 3588 serenissima*
553 3534 662 3588 domini
681 3539 755 3611 regis
768 3534 995 3610 primogenitus,
1010 3541 1126 3611 ejusque
1139 3553 1279 3610 regrum

219 3638 247 3685 et
268 3639 404 3682 trvmrum
424 3630 604 3702 Aruprnum,
622 3627 744 3699 Sicilia,
758 3640 827 3700 cto,
841 3622 1012 3704 gubernator
1033 3640 1062 3682 et
1080 3631 1170 3684 Iocrmr
1191 3642 1280 3684 terrem

215 3720 372 3797 puerulis,
386 3716 448 3771 dux
463 3712 602 3779 Calabria
615 3731 644 3774 et
660 3717 851 3795 erthan'ngiae
864 3741 899 3775 uc
914 3725 1051 3795 princeps
1063 3721 1213 3776 Gerundae.
1229 3721 1280 3775 Iaes

220 3822 294 3869 ortus
308 3808 382 3868 boae
389 3815 539 3880 mensoria,
549 3810 659 3872 accolis
673 3816 689 3869 l
703 3830 756 3869 son
771 3830 850 3887 nom,
867 3810 1019 3890 indiqueut
1030 3812 1102 3889 qu’il
1116 3812 1194 3871 avait
1206 3810 1280 3869 cessi

219 3902 256 3964 de
275 3903 357 3963 viv-u
381 3902 498 3983 lorsque
518 3903 641 3962 Thomas
661 3904 745 3963 Rasin
759 3904 878 3963 ecrivait
897 3924 950 3964 son
967 3904 1112 3985 apologie.
1133 3903 1281 3963 Effective·

220 4010 298 4059 ment
315 3998 335 4057 il
357 4010 473 4057 masurut
494 4017 530 4057 en
550 4002 640 4071 late,
659 3998 733 4057 ainsi
755 3997 842 4077 qu‘on
865 3997 903 4056 l'a
921 3997 986 4077 dejb
1005 3998 1056 4059 lait
1076 3998 1279 4077 remarquert

220 4088 365 4151 ttttuuu
381 4088 420 4149 clu
435 4091 523 4169 migne
537 4088 574 4149 de
586 4091 674 4151 Leuis
689 4094 744 4161 xl,
761 4105 781 4150 t.
797 4094 842 4165 11,
857 4111 889 4172 p.
907 4095 977 4150 ΞΠ.

262 4186 291 4247 v.
314 4182 584 4265 mummulo.
