2946 5070
198 458 256 515 stt
622 456 824 526 acomoni,

197 587 362 661 absentes
382 585 580 683 quidquam
596 585 642 658 de
657 586 963 658 administratione
981 586 1075 682 ejus,
1100 588 1160 659 vel
1181 603 1263 660 tern-

199 704 376 805 poralinm
391 704 446 774 vel
461 703 710 802 spiritualium,
729 728 922 801 procurare
940 719 1003 775 ant
1018 728 1167 800 gerere,
1184 729 1262 776 cum

199 844 265 893 nec
282 808 448 890 nuntium
467 833 529 889 aut
549 818 736 919 epistolam
756 821 946 917 qnisquam
971 844 995 893 a
1019 819 1129 892 nobis
1159 822 1263 892 susci·

200 958 283 1033 pere
298 934 355 1026 vel
373 932 420 1005 ad
437 958 504 1005 nos
523 934 599 1004 sine
621 932 776 1004 evidenti
792 935 845 1005 sui
864 935 990 1032 capitis
1005 934 1169 1033 periculo
1188 935 1262 1007 des·

199 1051 313 1123 tiuare
326 1049 472 1123 auderet
488 1077 497 1120 ε
516 1048 562 1120 ad
575 1049 837 1121 occurrendum
852 1065 906 1121 tot
919 1050 1022 1121 malis
1035 1065 1073 1122 et
1084 1051 1259 1148 periculis,

200 1184 235 1242 et
254 1169 301 1241 ad
316 1169 438 1241 omnia
456 1167 614 1238 tollenda
631 1168 799 1241 scandala
815 1193 893 1266 quae
913 1167 1048 1240 malitia
1072 1168 1180 1239 etiam
1201 1167 1262 1239 ali·

201 1311 355 1384 quorum
379 1284 424 1356 de
442 1283 546 1382 plebe
574 1298 714 1376 nostra,
748 1285 832 1355 licet
861 1309 1013 1355 numero
1043 1307 1258 1381 paucornrn,

201 1399 413 1472 devotorum
445 1399 729 1496 comparatione,
758 1398 947 1470 adversum
971 1424 1039 1471 nos
1074 1399 1259 1490 excitarat,

202 1516 315 1612 regias
330 1539 433 1586 aures
456 1516 527 1585 suis
549 1514 641 1587 salsis
657 1529 694 1586 et
712 1513 940 1586 calumniosis
956 1512 1262 1595 criminationibus

202 1630 405 1730 implendo,
438 1630 683 1701 consensimus
707 1628 743 1700 id
772 1628 872 1727 quod
892 1628 1147 1700 desiderabant
1165 1629 1262 1726 perfi-

202 1774 303 1842 cere,
322 1748 404 1819 licet
422 1761 549 1818 nostrae
573 1746 783 1818 calamitatis
807 1746 901 1817 hanc
927 1761 1062 1817 sortem
1086 1770 1129 1818 ac
1154 1747 1262 1818 vicem

203 1865 397 1964 plurimum
422 1862 602 1953 dolentes,
625 1862 725 1959 quod
753 1887 827 1934 non
854 1863 992 1934 licuerit
1019 1862 1130 1935 nobis
1147 1863 1192 1935 ad
1214 1889 1264 1935 ec·

202 1983 315 2054 clesiae
333 2030 335 2034 »
356 1981 646 2079 procurationem
683 1979 957 2076 doctrinamque
990 1977 1108 2052 fidelis
1145 1982 1265 2079 populi

203 2112 366 2169 nostrum
385 2101 462 2167 Deo
493 2096 625 2167 diutius
654 2094 823 2166 exhibere
837 2155 838 2159 ,
852 2094 1078 2166 famulatum.
1113 2097 1203 2170 Nam
1224 2095 1265 2168 de

204 2212 392 2310 temporali
423 2211 564 2282 honore
592 2211 649 2282 vel
676 2209 807 2308 opibus
843 2211 1010 2297 terrenis,
1047 2210 1183 2307 quibus
1213 2237 1268 2283 ec·

204 2328 309 2399 clesia
323 2328 406 2399 satis
422 2325 591 2398 nobiliter
608 2326 731 2400 dotata
746 2341 811 2419 est,
831 2325 931 2423 quod
947 2327 997 2399 eis
1015 2351 1140 2400 carere
1155 2327 1267 2400 habe-

204 2466 345 2534 remus,
370 2442 518 2512 minime
543 2456 704 2513 nostrum
728 2440 896 2538 tangebat
912 2442 1071 2537 tangitve
1088 2443 1264 2515 affectum.

253 2560 366 2655 Hujus
387 2572 506 2628 autem
526 2559 577 2628 rei
605 2557 830 2656 perficiendae
846 2560 978 2655 gratia,
1005 2558 1052 2631 ad
1074 2560 1268 2657 petendum

205 2693 312 2775 atque
321 2675 595 2775 supplicandum
609 2700 631 2747 a
644 2678 865 2748 sanctissimo
876 2692 975 2774 patre
986 2676 1141 2748 domino
1152 2692 1268 2748 nostro

206 2818 300 2892 papa
317 2793 428 2882 Sixto,
448 2817 590 2863 summo
605 2792 788 2890 pontifice,
803 2793 942 2864 admitti
959 2792 1008 2864 ob
1022 2793 1141 2866 dictas
1153 2819 1270 2867 causas

207 2910 404 2980 cessionem
419 2924 591 3000 nostram,
612 2933 748 3004 nosque
765 2933 875 2981 onere
896 2911 1077 3005 regiminis
1092 2912 1267 3003 ecclesia,

207 3027 265 3097 cui
294 3026 442 3096 minime
465 3024 671 3097 incumbere
699 3023 916 3116 sinebamur,
951 3025 1108 3118 absolvi,
1147 3028 1269 3099 urbem

208 3145 357 3212 Romam
384 3142 615 3239 personaliter
640 3142 868 3228 accessimus,
899 3158 1064 3213 currente
1088 3168 1189 3215 anno
1211 3144 1270 3216 do·

208 3258 346 3328 minicae
362 3258 617 3329 incarnationis
627 3283 863 3329 srccccnxxrv.
881 3261 964 3348 Qui,
986 3260 1068 3331 licet
1081 3261 1212 3331 auditis
1229 3286 1269 3331 ex

207 3384 307 3466 parte
333 3369 389 3441 his
424 3395 501 3468 quae
529 3396 636 3470 supra
665 3374 896 3466 retexuimus,
926 3375 1041 3445 vicem
1069 3375 1166 3446 hanc
1194 3399 1270 3446 nos·

208 3498 300 3554 tram
319 3500 354 3556 et
370 3487 522 3558 ecclesiae
537 3501 665 3558 nostrae
686 3488 880 3586 plurimum
893 3490 1047 3583 doleret,
1064 3492 1225 3563 similiter
1238 3505 1271 3561 et

208 3601 493 3674 reverendissimi
519 3602 657 3676 domini
685 3603 901 3698 cardinales,
933 3607 1149 3702 ollerretque
1177 3606 1269 3676 idem

153 3749 156 3760 ·
208 3713 431 3789 beatissimus
443 3718 626 3818 pontifex,
644 3720 673 3789 si
687 3723 823 3792 curiam
836 3747 938 3794 suam
959 3726 1060 3821 sequi
1079 3725 1267 3813 vellemus,

209 3830 315 3904 nobis
336 3832 578 3932 provisionem
594 3822 783 3907 honestam
805 3839 1003 3934 assignare,
1027 3854 1148 3910 tamen
1168 3838 1270 3910 nobis

209 3947 245 4018 in
263 3949 521 4048 supplicatione
541 3964 662 4052 nostra
685 3937 1008 4049 perseverantibus,
1028 3955 1149 4029 eidem
1172 3954 1270 4027 beni·

209 4088 277 4158 gne
291 4065 417 4136 annuit
427 4079 464 4136 et
479 4066 690 4143 clementer.⁴
702 4070 865 4168 Cumque
880 4070 1140 4171 patriarchatus
1156 4073 1272 4144 hono·

208 4202 285 4250 rem
300 4203 342 4253 ac
358 4178 500 4255 titulum
513 4179 619 4253 nobis
632 4182 717 4254 dare
733 4185 850 4279 vellet,
863 4187 1075 4286 ollerretque
1090 4188 1138 4261 ad
1152 4213 1270 4285 regem
