2946 5070
220 513 278 570 tat
494 508 752 571 utsrotttattttu
773 510 952 570 tuuovtcl
970 513 1013 569 x1

221 646 306 718 vino
325 644 507 717 abstinens
532 644 699 742 replesset
722 668 776 732 se,
806 660 993 719 contracto
1015 647 1172 734 morbo,
1195 646 1282 719 intra

219 763 297 834 dies
310 775 395 835 octo
408 759 574 832 instabile
591 784 741 857 regnum
760 761 865 833 simul
875 760 961 833 cum
971 763 1042 835 vita
1055 763 1202 836 finivit¹.

271 884 351 977 lpso
370 893 489 952 autem
505 879 555 949 sic
575 878 649 949 vita
667 876 803 966 functo,
833 879 964 951 relictis
978 881 1163 977 utriusque
1185 906 1285 957 sexto

218 995 363 1084 liberis,
383 1018 405 1066 a
440 993 602 1093 pluribus
621 992 834 1065 credebatur
860 1019 1010 1091 regnum
1035 996 1082 1069 ad
1109 999 1284 1096 primoge-

106 1138 113 1151 ·
219 1112 335 1183 nitum
354 1111 458 1205 ejus¹,
481 1110 532 1181 uti
558 1132 623 1207 par
649 1108 851 1199 videbatur,
872 1135 947 1183 esse
969 1110 1198 1205 devolutum;
1226 1118 1286 1213 qui

219 1252 302 1298 cum
319 1225 439 1298 adhuc
453 1223 894 1297 minoribusannisessent
904 1225 1158 1323 hujuscemodi
1169 1228 1283 1318 liberi,

220 1343 370 1414 interim
388 1341 504 1413 donec
521 1338 663 1412 adultus
678 1338 778 1410 fieret
792 1340 908 1436 major
924 1356 961 1412 et
972 1341 1019 1413 ad
1040 1343 1140 1439 regni
1164 1345 1285 1417 mode-

220 1460 397 1531 rationem
419 1457 588 1546 idoneus,
608 1480 672 1554 per
688 1471 856 1555 patruum
875 1481 1021 1545 eorum,
1047 1457 1179 1530 ducem
1201 1461 1286 1532 Glo-

218 1576 380 1665 cestriae⁸,
399 1573 722 1664 administraretur,
742 1571 797 1644 ad
824 1596 953 1669 quem,
978 1587 1154 1668 tanquam
1184 1599 1286 1672 agna·

219 1692 319 1762 tione
364 1688 645 1788 proximiorem,
687 1687 899 1759 eorumdem
937 1686 1135 1761 liberorum
1182 1693 1286 1764 tutela

218 1808 375 1904 legitima
397 1804 611 1905 pertinebat.
637 1809 682 1877 Et
697 1804 770 1876 hoc
785 1804 932 1901 quidem
949 1819 990 1875 ut
1018 1805 1116 1877 idem
1143 1823 1286 1905 patruus

218 1925 391 2020 cogitaret
406 1922 454 1995 ab
470 1920 641 1994 omnibus
660 1920 774 1993 ferme
792 1922 831 1991 in
855 1922 933 2018 ipso
947 1946 1059 2017 regno
1081 1921 1282 2020 putabatur.

219 2040 321 2137 Atqui
331 2037 570 2111 cumeosdem
585 2037 717 2110 liberos
727 2036 794 2109 sub
808 2061 956 2110 manum
965 2063 1066 2111 suam
1079 2041 1282 2138 accepisset,

221 2181 295 2227 non
323 2155 436 2227 multo
463 2170 544 2253 post
568 2154 713 2251 qualem
729 2153 776 2226 ad
796 2177 858 2226 eos
872 2156 1034 2225 animum
1051 2155 1198 2251 gerebat
1215 2158 1285 2255 ipse

221 2272 426 2343 declaravit.
460 2276 531 2343 Nec
553 2295 679 2343 eorum
708 2274 867 2341 matrem
884 2271 1035 2368 impium
1062 2270 1222 2364 ejusdem
1247 2295 1286 2342 ac

221 2389 391 2483 injustum
420 2387 484 2459 diu
510 2388 734 2486 propositum
760 2388 868 2458 latere
894 2387 1028 2485 potuit3
1048 2412 1128 2482 quae
1156 2387 1286 2459 nedum

221 2506 290 2593 eis,
309 2503 372 2576 sed
389 2503 456 2575 sibi
485 2504 551 2601 ipsi
565 2504 673 2575 etiam
688 2504 829 2591 timens,
855 2504 902 2575 ad
917 2504 1038 2574 locum
1054 2528 1196 2575 sacrum
1224 2506 1287 2575 im·

223 2622 427 2708 munitatis,
464 2623 543 2692 vitae
574 2646 644 2693 suae
676 2621 872 2695 securitatis
897 2644 1021 2709 causa,
1055 2644 1091 2690 se
1117 2622 1283 2705 contulit,

224 2739 479 2810 monasterium
506 2737 639 2809 scilicet
668 2736 766 2833 quod
790 2737 1080 2807 Westmorrstier⁸
1101 2736 1287 2832 vulgariter

223 2856 415 2956 appellant.

273 2976 323 3043 Ne
353 2984 473 3041 autem
497 2982 647 3040 conatus
669 2966 829 3063 ejusdem
859 2966 990 3064 impios
1018 2965 1114 3039 ullus
1144 2967 1288 3040 auderet

224 3103 402 3178 avertere,
423 3087 592 3159 dominos
610 3086 656 3157 de
672 3087 809 3161 ltr’riers
824 3099 861 3156 et
884 3085 930 3157 de
951 3084 1168 3185 Hastinglre⁸
1185 3085 1286 3182 (quo-

224 3230 305 3274 rum
334 3204 423 3276 alter
450 3202 648 3275 avunculus
676 3200 874 3275 liberorum
903 3216 995 3289 erat,
1025 3201 1132 3273 frater
1159 3202 1288 3273 scilicet

224 3322 373 3416 reginae)
409 3345 430 3393 e
465 3320 586 3393 medio
624 3318 781 3407 sustulit,
816 3342 961 3390 necnon
997 3318 1088 3393 alios
1124 3343 1288 3417 proceres

223 3437 322 3532 regni
336 3461 430 3535 quos
449 3437 609 3517 similiter
624 3448 806 3533 suspectos
823 3432 993 3509 habebat.
1015 3433 1154 3505 Deinde
1178 3459 1287 3533 parvo

260 3705 292 3761 l.
316 3702 420 3762 llarril
434 3705 525 3763 atta.
881 3771 887 3783 Ι

262 3798 291 3855 2.
314 3783 468 3870 Edouard,
485 3797 538 3874 age
550 3794 587 3854 de
600 3795 691 3863 dome
704 3816 767 3856 aus.

263 3894 291 3947 3.
314 3880 456 3960 Richard,
472 3889 528 3947 duc
541 3888 578 3947 de
592 3889 749 3948 Gloeester.

262 3987 290 4041 li.
314 3981 522 4040 Wcstminster.

262 4080 290 4133 5.
313 4075 437 4141 Antoine
455 4075 491 4134 de
511 4076 659 4154 Wydvilc,
676 4077 808 4156 seigneur
821 4078 858 4137 de
871 4076 966 4136 Scalas
980 4087 1008 4134 et
1022 4074 1059 4133 de
1075 4076 1198 4144 att-ers,
1215 4077 1285 4133 frere

220 4169 257 4226 de
273 4171 300 4226 la
314 4169 409 4238 rcinc,
430 4182 458 4226 et
475 4169 600 4226 William
618 4171 767 4247 flastings‚
783 4170 874 4248 grand
891 4168 1071 4227 chambellan
1090 4168 1285 4248 d‘Angleterrr

221 4275 247 4319 et
262 4278 447 4340 gouverneur
461 4262 497 4319 de
512 4263 615 4320 Calais.
