2946 5070
313 482 351 535 98
583 477 840 536 mstottttttuu
861 476 1040 535 LUDOVICI
1059 477 1102 533 Xl

313 639 376 685 eos
402 613 458 686 vel
483 612 667 683 communi
695 627 793 706 voto,
821 611 876 684 vel
900 635 944 682 ex
966 608 1134 682 condicto
1161 608 1292 679 siccas
1314 604 1372 677 de·

314 731 434 802 tulisse
454 730 625 822 intonsas,
650 727 771 826 quoad
798 727 974 800 desiderio
997 751 1077 811 suo,
1100 724 1145 796 de
1169 721 1374 796 invehendo

314 845 458 944 praefato
475 843 713 942 Enghelberto
731 846 885 918 insuam
902 844 1098 932 civitatem,
1112 839 1216 939 potiti
1246 838 1373 911 lorent.

364 963 510 1035 Intravit
526 962 631 1060 igitur
642 962 820 1034 civitatem
837 961 954 1058 vigilia
966 957 1154 1031 dominicae
1169 955 1375 1048 nativitatis,

313 1103 411 1153 anno
427 1079 574 1152 Domini
592 1104 827 1173 necomitam,
846 1104 929 1152 oum
953 1100 1086 1174 magno
1109 1087 1299 1148 auctorum
1327 1074 1378 1145 sui
1429 1100 1431 1106 ·

314 1194 488 1269 adventus
504 1211 539 1268 et
558 1197 729 1294 imperitae
756 1221 798 1269 ac
810 1197 944 1294 ignavae
962 1192 1076 1293 plebis
1093 1189 1283 1289 applausu.
1311 1190 1378 1261 Sed

314 1309 475 1410 profecto
501 1312 608 1408 longe
622 1312 723 1384 aliter
753 1312 970 1410 quicumque
991 1331 1126 1406 graves,
1156 1330 1277 1376 rerum
1296 1304 1380 1377 divi·

315 1450 444 1498 narum
463 1442 498 1498 et
514 1426 758 1500 humanarum
782 1427 910 1525 periti,
939 1425 996 1498 vel
1025 1423 1184 1497 bumana
1214 1419 1381 1492 callentes

315 1542 527 1642 prudentia,
542 1570 618 1616 rem
633 1543 895 1617 existimabant.
913 1547 985 1615 Nec
1004 1542 1112 1638 longa
1125 1561 1248 1629 mora,
1273 1537 1381 1610 altera

315 1684 445 1758 nempe
463 1659 521 1733 die
541 1677 623 1760 post
643 1663 841 1734 solemnem
857 1658 1048 1734 nativitatis
1064 1655 1254 1730 dominicae
1270 1653 1378 1747 diem,

315 1776 430 1847 insani
456 1777 552 1874 vulgi
570 1803 663 1851 vana
685 1778 887 1871 exsultatio,
906 1801 1015 1874 quam
1040 1773 1086 1847 de
1108 1795 1205 1844 novo
1226 1769 1383 1843 adventu

208 1954 218 1971 .
315 1892 368 1963 sui
391 1891 547 1965 rnwardi
570 1892 765 1986 duxerant,
793 1893 830 1964 in
854 1892 1052 1965 lamentum
1074 1903 1110 1960 et
1138 1887 1277 1958 luctum
1295 1910 1382 1957 con·

315 2032 416 2080 versa
431 2023 499 2096 est;
521 2024 556 2081 et
573 2024 659 2081 tunc
671 2009 899 2081 manifestum
915 2006 980 2079 tuit
996 2006 1065 2078 utri
1081 2003 1126 2076 de
1142 2026 1209 2074 suo
1228 2000 1384 2079 adventu

315 2125 471 2197 veriores
488 2123 620 2196 suerint
634 2126 899 2217 munitores,
918 2123 1015 2195 illine
1033 2121 1094 2217 qui
1113 2118 1146 2189 ei
1175 2116 1384 2215 plaudentes

315 2238 533 2334 arridebant,
559 2255 621 2313 aut
646 2243 707 2338 qui
725 2240 903 2312 infelicem
928 2238 1192 2330 infaustumque
1216 2234 1383 2307 eumdem

319 2379 395 2426 non
413 2354 637 2452 ambigerent
647 2383 722 2430 esse
737 2357 927 2429 futurum¹.

363 2471 563 2571 Collegerat
574 2476 671 2547 enim
688 2490 774 2547 tunc
792 2474 1011 2572 gubernator
1020 2472 1217 2547 Hollandiae
1229 2531 1239 2569 ,
1253 2497 1383 2569 magno

315 2589 467 2683 gestiens
492 2592 614 2665 animo
640 2591 776 2664 diluere
800 2591 1034 2688 ignominiam
1056 2616 1164 2688 quam
1188 2591 1286 2691 apud
1308 2589 1384 2663 bas·

315 2704 427 2777 tiliam
437 2702 482 2778 de
502 2711 629 2794 Vaert,
656 2708 702 2780 ad
714 2708 830 2806 ripam
844 2707 1001 2779 fluminis
1011 2706 1150 2799 teclae,
1163 2722 1247 2779 ante
1262 2731 1384 2806 passus

315 2821 428 2896 fuerat
444 2850 465 2898 a
480 2824 775 2924 Trajectensibus‚
790 2827 884 2898 circa
904 2825 970 2897 tria
992 2824 1103 2896 millia
1119 2825 1303 2913 virorum3
1323 2823 1381 2919 qui

315 2964 357 3011 ex
374 2956 473 3039 parte
496 2943 633 3040 majore
656 2944 824 3015 militares
841 2956 960 3031 erant,
988 2955 1024 3011 et
1037 2942 1074 3012 in
1087 2941 1223 3038 bellicis
1240 2939 1380 3039 expedi·

315 3055 474 3130 tionibus
501 3073 607 3156 atque
643 3057 956 3154 congressionibus
983 3059 1136 3147 assueti,
1174 3058 1267 3128 inter
1293 3079 1382 3153 quos

317 3173 491 3269 capitanei
531 3188 567 3246 et
603 3174 711 3246 duces
748 3176 831 3246 satis
871 3174 1015 3266 famosi,
1051 3170 1227 3264 marchi0,
1264 3194 1382 3243 comes

319 3291 542 3387 antverpiae¹,
563 3305 600 3362 et
622 3290 771 3386 quidam
791 3271 976 3388 hispanus,
992 3302 1233 3384 cognomento
1252 3292 1383 3360 Parvus

318 3406 503 3498 Solazar³,
529 3433 612 3479 cum
627 3421 726 3480 certo
753 3431 904 3479 numero
923 3405 1110 3481 Gallorum
1136 3419 1244 3502 atque
1264 3405 1381 3500 Hispa·

360 3677 388 3731 l.
412 3675 451 3731 Ce
465 3674 515 3752 qui
528 3674 585 3733 suit
598 3675 690 3733 forme
703 3695 744 3733 un
759 3673 887 3753 chapitre
900 3675 916 3730 a
933 3683 998 3750 part
1011 3670 1083 3730 dans
1096 3669 1258 3729 blattbaeus.

359 3770 390 3830 2.
412 3771 467 3825 Jan
480 3788 537 3827 van
551 3772 644 3841 Rans,
660 3788 811 3847 margrave
823 3767 976 3827 d'Anvers.

360 3864 389 3919 3.
408 3886 421 3915 ι
439 3864 498 3919 Ecn
521 3882 621 3920 vroem
648 3863 809 3941 lapeteyn‚
835 3861 881 3920 die
904 3861 1025 3941 geheten
1043 3879 1101 3918 was
1120 3861 1205 3930 Pctyt
1219 3860 1382 3923 Solamen,

319 3953 393 4012 ende
415 3954 499 4032 placlr
523 3974 576 4013 een
595 3969 736 4034 capeteyn
755 3969 784 4014 te
804 3975 899 4014 wesen
925 3973 996 4013 over
1019 3965 1102 4032 groot
1125 3951 1211 4010 volcl
1230 3962 1314 4029 tegen
1330 3948 1382 4007 deu

319 4049 422 4106 coninc
446 4070 502 4107 van
526 4051 710 4127 Vrancrycl‚
734 4049 808 4108 ende
834 4048 937 4109 bracht
961 4048 1013 4106 mit
1037 4046 1105 4105 hem
1126 4062 1216 4104 xmr
1243 4061 1310 4103 man
1336 4040 1385 4100 mit

231 4205 237 4213 ,
320 4141 411 4200 stalen
439 4140 551 4221 bogen,
580 4142 656 4200 ende
683 4162 778 4202 waren
797 4156 861 4222 .uyt
885 4142 1034 4219 Biscayen.
1058 4165 1072 4194 ν
1104 4141 1248 4212 (Annales
1261 4157 1328 4213 m.
1355 4138 1385 4193 δι’

320 4238 412 4306 nott,
431 4248 500 4306 etc,
522 4236 593 4295 dans
612 4236 782 4308 Matthaeus,
798 4249 817 4299 t.
836 4240 876 4309 11,
892 4257 922 4316 p.
940 4238 1003 4310 17).
1020 4235 1044 4294 11
1058 4234 1101 4292 fut
1115 4232 1246 4307 toujours
1259 4231 1298 4291 du
1310 4227 1383 4313 parti
