2946 5070
543 496 653 552 matu
679 496 831 556 SEXTUS.
1173 506 1210 562 87

150 647 245 717 rem,
265 647 354 721 quas
369 624 462 697 soliti
480 641 582 700 erant
593 626 706 700 lacere
726 627 901 702 ethabcre
912 630 948 702 in
966 631 1066 702 terris
1076 613 1211 729 praefati

149 739 290 813 domini
304 738 419 834 ducis,
438 767 514 816 non
526 743 602 817 sine
618 768 750 841 magno
772 745 827 818 sui
853 743 1088 840 detrimento,
1107 748 1211 824 simul

149 856 259 930 ctiam
276 881 314 930 se
331 859 467 932 interca
482 860 638 958 privatos
651 860 875 959 patrimoniis
893 876 931 935 et
942 862 1070 936 atmuis
1084 862 1211 936 rediti-

149 971 232 1066 bus,
248 998 341 1072 qnos
355 960 393 1046 in
409 974 569 1072 ejusdem
592 976 763 1076 principis
778 978 880 1050 terris
903 992 1010 1076 atque
1043 978 1212 1053 dominiis
1305 1031 1308 1036 -

149 1087 351 1183 habebant,
372 1091 591 1191 collegemnt
606 1118 643 1165 se
656 1118 740 1164 cum
755 1116 885 1190 magna
900 1093 1211 1193 multitudinople

149 1203 208 1278 b'is
230 1204 278 1279 ad
306 1206 501 1303 quemdam
528 1211 706 1308 pontem¹,
722 1207 817 1280 circa
829 1224 1048 1282 conventum
1065 1210 1209 1309 Regula·

149 1321 262 1414 mum,
280 1347 392 1422 prope
412 1337 554 1421 portam
577 1348 656 1421 quaa
685 1323 793 1420 vulgo
825 1324 1027 1423 appellatur
1056 1324 1211 1399 Tallem-

150 1438 279 1538 teglrc'.
292 1441 344 1512 Ex
357 1439 508 1513 adverso
521 1439 638 1513 dictus
652 1439 820 1513 dominus
836 1438 881 1513 de
898 1442 1114 1535 Monteforti,
1130 1467 1215 1517 cum

148 1554 262 1628 altero
280 1554 653 1652 burgimagistrorum⁸
666 1570 702 1627 et
729 1555 802 1627 suis
827 1554 1037 1647 fautoribus,
1063 1557 1213 1655 college·

149 1684 236 1742 runt
253 1695 291 1743 se
307 1672 345 1742 in
371 1672 488 1769 platea
521 1696 599 1770 quae
629 1687 682 1744 est
708 1687 791 1747 ante
818 1671 971 1746 domurn
993 1674 1212 1768 consulebas,

148 1810 302 1884 eamque
317 1787 494 1861 machinis
506 1803 542 1861 ot
557 1787 766 1862 bombardis
786 1789 1030 1884 muniverunt,
1042 1790 1215 1864 lecerunt·

149 1927 223 2001 que
240 1927 453 2001 campanam
481 1904 664 2003 publicam
678 1905 813 2003 pulsari
838 1904 885 1978 ad
910 1905 1152 2002 colligendum
1167 1909 1214 1980 ad

148 2042 188 2094 te
201 2018 378 2117 populum
393 2018 461 2091 sub
477 2020 607 2092 vexillo
620 2019 783 2112 civitatis,
799 2044 844 2090 eo
862 2019 974 2092 modo
989 2044 1062 2117 qno
1087 2021 1124 2092 in
1137 2020 1214 2093 bel·

148 2131 226 2206 licis
242 2133 455 2209 tumultibus
470 2133 547 2207 fieri
563 2134 704 2207 assolet.
725 2136 806 2221 Qua
824 2133 908 2206 satis
922 2132 1145 2209 horribiliter
1160 2137 1215 2208 in·

149 2262 322 2342 tonante,
342 2274 493 2348 magnus
511 2250 667 2349 populus
685 2263 721 2321 et
740 2248 788 2321 ad
810 2249 986 2348 plateam,
1001 2259 1038 2322 et
1053 2251 1100 2324 ad
1128 2252 1217 2327 alios

149 2365 276 2455 etiam,
305 2367 367 2465 qui
398 2391 441 2439 ex
468 2367 616 2440 adversa
650 2379 750 2464 parte
780 2363 989 2459 adstabant,
1025 2366 1212 2440 confluxit.

152 2484 333 2579 Erantque
351 2483 580 2583 quamplures
595 2507 637 2555 ex
654 2479 759 2581 plebe
771 2481 983 2554 fluctuantes
995 2497 1103 2579 atque
1115 2482 1217 2556 hassi·

149 2614 266 2674 rantes
282 2600 329 2674 ad
344 2625 454 2698 qnam
469 2602 588 2701 potius
599 2599 755 2699 partium
770 2621 845 2670 sese
858 2598 1139 2695 conjungeren13
1153 2600 1216 2673 sed

150 2716 343 2789 nultitudo
357 2719 473 2816 major
489 2733 525 2790 et
540 2717 752 2815 locupletior
776 2739 898 2787 versus
917 2730 1058 2814 portam
1076 2741 1114 2789 se
1140 2716 1216 2789 col·

151 2831 257 2930 legit:
277 2834 357 2920 ubi,
372 2835 402 2906 si
418 2835 514 2907 illico
531 2832 710 2906 sufficiens
725 2854 854 2903 manus
879 2845 1005 2904 coacta
1024 2831 1160 2925 luisset,
1181 2845 1217 2904 et

151 2950 200 3024 ad
215 2952 465 3050 occupandam
481 2952 635 3050 plateam
651 2963 689 3022 et
701 2949 852 3022 domum
876 2947 1081 3020 consulatus
1101 2962 1214 3022 teten-

150 3066 301 3159 dissent,
312 3093 397 3141 cnm
409 3068 526 3141 dictus
538 3066 708 3140 dominus
723 3064 771 3137 de
779 3063 984 3137 Montesorti
996 3063 1068 3137 illic
1080 3063 1212 3155 adhuc,

152 3181 261 3256 nullis
273 3187 422 3283 stipatus
441 3209 542 3283 paene
560 3181 781 3271 satellitibus,
806 3180 907 3277 quasi
936 3180 1033 3253 solus
1048 3181 1215 3274 adstaret,

152 3298 290 3398 absque
306 3301 405 3373 nullo
420 3302 564 3398 negotio
578 3298 755 3372 desiderio
768 3321 835 3368 suo
848 3296 953 3395 potiti
968 3297 1127 3370 finissent.
1145 3297 1216 3370 Sed

154 3418 276 3490 nescio
289 3443 363 3515 quo
377 3418 542 3508 consilio,
557 3419 595 3489 in
603 3441 649 3489 eo
660 3415 757 3506 loco,
770 3411 834 3484 ubi
847 3437 885 3485 se
899 3412 1129 3509 collegerant,
1143 3426 1217 3486 tam

154 3530 217 3603 diu
249 3534 504 3627 constitenmt,
520 3533 621 3630 qnod
637 3529 845 3605 adversariis
860 3527 933 3599 suis
950 3530 1105 3627 spatium
1119 3527 1218 3602 suffi-

154 3638 252 3720 ciens
260 3648 489 3748 praebuerunt
514 3649 612 3723 adse
625 3645 866 3743 colligendum
879 3645 917 3716 in
939 3644 1056 3742 platea
1068 3645 1219 3718 civitatis

154 3776 192 3837 ct
203 3789 286 3837 eam
301 3764 632 3837 communiendam.

208 3883 254 3951 Ut
270 3905 357 3953 vero
375 3881 565 3954 dominum
591 3881 849 3976 Trajectcnsem
875 3890 938 3950 aut
958 3875 1115 3973 aliquam
1136 3900 1221 3947 suo·

199 4052 229 4106 l.
252 4045 438 4127 Smebmgge.

200 4143 230 4198 2.
252 4145 307 4204 MS.
326 4144 468 4219 Tolleglte.

202 4238 230 4291 3.
254 4238 308 4293 lan
320 4254 377 4294 van
391 4240 564 4294 lanscroen.
