2946 5070
522 499 631 556 ulnus
655 497 807 556 sextus.
1148 499 1186 556 25

126 648 280 729 stragem
296 629 489 722 dederuut,
516 632 563 703 ita
589 645 628 702 ut
653 654 741 702 oasa
756 631 957 702 circitervn
972 617 1082 704 millia
1095 633 1186 703 viro-

127 774 209 821 rum
226 746 453 840 referrentur,
485 747 573 836 aliis,
603 748 665 843 qui
687 745 780 819 elabi
806 747 972 819 manibus
998 745 1187 819 hostilibus

128 879 340 967 potuerunt,
361 863 428 936 sibi
454 889 518 962 per
549 879 690 963 turpem
714 878 750 935 et
768 864 1041 961 ignominiosam
1066 863 1185 961 sugam

127 980 425 1054 consulentibus¹.

175 1099 216 1166 ln
234 1120 279 1166 eo
304 1116 448 1192 quoquc
475 1093 663 1186 beneficio,
684 1097 758 1195 ipse
783 1095 891 1167 totius
914 1097 1001 1189 regii
1014 1101 1185 1174 exercitus

127 1212 201 1284 dux
218 1213 334 1285 dictus
349 1212 518 1284 dominus
532 1210 577 1285 de
588 1214 720 1298 Craon,
736 1211 802 1284 sibi
819 1212 1020 1311 praesidium
1029 1240 1183 1313 ponens,

127 1329 253 1401 mortis
268 1342 353 1399 tunc
380 1329 491 1400 evasit
502 1329 724 1427 periculum,
745 1323 917 1425 et'sugere
938 1354 1013 1401 uon
1032 1330 1182 1421 destitit,
1240 1342 1244 1348 '

127 1445 250 1516 castris
269 1457 304 1514 et
324 1443 437 1541 copiis
453 1457 591 1536 erutus,
611 1441 728 1516 donec
743 1443 790 1516 ad
806 1442 1021 1516 castrum'de
1039 1448 1182 1545 ligny',

126 1561 164 1630 in
178 1573 272 1631 terra
290 1559 472 1647 Barrensi,
491 1582 565 1630 sese
595 1559 739 1658 recepit.
771 1558 982 1655 Hujusmodi
999 1562 1095 1632 enim
1113 1587 1187 1636 cas·

126 1689 223 1746 trum
240 1699 300 1746 rex
319 1672 386 1746 sibi
410 1673 520 1772 paulo
538 1689 621 1746 ante
647 1674 844 1748 donaverat
859 1674 904 1746 de
932 1673 1186 1751 confiscatione

126 1787 309 1861 bonorum
334 1791 474 1861 comitis
488 1789 736 1862 Sancti-Pauli.
759 1794 835 1889 lpse
853 1815 952 1879 vero,
981 1791 1086 1864 nimis
1096 1818 1186 1891 prae·

126 1919 358 2005 sumptuosus
374 1921 409 1979 et
420 1905 595 2006 superbus
607 1907 700 2004 (talis
713 1908 808 1979 enim
826 1909 974 1980 simulet
990 1909 1184 1984 admodum

126 2044 256 2095 avarus
264 2024 428 2097 exsistere
439 2025 678 2096 communiter
690 2023 1005 2121 terebatur),va1de
1018 2026 1185 2121 ignavum
1308 2080 1312 2087 -

125 2151 160 2210 et
183 2138 333 2213 inertem
362 2165 400 2212 se
425 2138 591 2212 ostendit.
618 2141 788 2228 Quicum
815 2154 897 2212 ante
923 2141 1053 2212 certior
1076 2141 1187 2214 lactus

126 2254 246 2329 suisset
262 2258 307 2330 de
322 2256 490 2329 omnibus
506 2283 584 2355 quae
603 2258 661 2349 bi,
676 2259 737 2354 qui
751 2259 844 2330 intus
861 2256 994 2329 obsessi
1008 2272 1043 2329 et
1058 2259 1120 2354 qui
1140 2258 1186 2330 de

127 2370 211 2442 ioris
227 2370 395 2444 advenire
412 2388 592 2471 poterant,
611 2374 703 2444 inter
718 2399 754 2446 se
767 2375 919 2445 invicem
933 2373 1182 2467 condixerant,

126 2512 199 2560 non
233 2488 334 2561 aliter
363 2489 431 2561 sibi
457 2506 563 2587 atque
590 2493 776 2580 exercitui,
798 2494 855 2563 cui
876 2506 1040 2591 praeerat,
1061 2517 1185 2566 cavere

126 2617 233 2703 atque
241 2606 431 2703 providere
447 2607 596 2679 curavit.

176 2720 280 2793 Unde
297 2747 375 2814 rex,
403 2722 529 2793 nuntio
545 2720 791 2819 hujuscemodi
809 2721 920 2794 cladis
931 2737 1091 2821 accepto,
1111 2747 1185 2795 non

126 2860 238 2935 pawn
255 2836 379 2908 dolore
388 2860 586 2934 percussus,
603 2837 700 2931 gravi
712 2840 818 2908 etiarn
832 2838 884 2908 ira
894 2851 928 2908 et
941 2835 1185 2932 indignatione

126 2952 293 3025 adversus
318 2954 434 3051 ipsum
459 2952 645 3025 dominum
675 2953 720 3025 de
736 2957 869 3026 'Creon
900 2976 1068 3025 accensus
1094 2953 1180 3042 suit3

125 3070 275 3167 quemsi
291 3069 329 3140 in
340 3068 507 3141 manibus
519 3084 618 3158 tunc,
631 3069 861 3167 flagrantibus
876 3070 910 3139 in
924 3093 968 3141 eo
979 3068 1182 3165 hujusmodi

126 3184 362 3285 passionibus,
379 3185 577 3279 habuisset,
594 3186 828 3259 verisimiliter
840 3209 963 3285 poeuas
986 3185 1093 3258 abeo
1114 3212 1184 3261 suae

125 3301 407 3401 improvidentiae
425 3317 530 3400 atque
548 3302 767 3399 negligentiae
782 3302 961 3397 exegisset.
979 3304 1086 3398 tltque
1103 3305 1184 3376 satis

124 3417 272 3515 periculi
285 3418 339 3489 sui
347 3418 524 3506 conscius,
533 3419 570 3489 in
579 3417 676 3489 dicto
692 3417 882 3488 fortissimo
892 3432 1007 3488 castro
1016 3416 1060 3488 de
1071 3419 1184 3516 Lt'gny

125 3559 161 3606 se
175 3534 365 3625 continuit,
375 3534 493 3607 donec
502 3535 638 3629 regium
651 3535 829 3624 animum,
848 3535 999 3628 quaesitis
1009 3535 1184 3605 interven·

125 3647 296 3742 tionibus,
318 3651 535 3748 pacatiorem
569 3649 733 3722 ellectum
751 3674 942 3747 agnoscere
958 3665 1098 3747 posset;
1116 3650 1184 3722 dis-

125 3771 295 3843 simtdans
323 3795 391 3870 pro
419 3785 580 3869 tempore
603 3770 649 3843 ad
676 3772 809 3867 regiam
839 3770 1007 3842 accedere
1033 3796 1183 3870 praesen·

126 3888 230 3979 tiam,
243 3886 325 3960 licet
339 3913 405 3986 per
413 3889 558 3960 nuntios
578 3902 614 3960 et
630 3888 796 3986 epistolas
807 3912 867 3959 rex
882 3887 1048 3978 cumdem
1068 3911 1184 3959 accer-

165 4071 194 4125 l.
217 4070 307 4126 μου
321 4070 339 4127 lr
352 4065 470 4126 octobre
485 4070 573 4127 llr'l'l.

164 4163 194 4219 2.
217 4160 408 4234 Anjourd'hui
432 4161 504 4222 dans
521 4162 549 4220 le
566 4160 764 4242 department
782 4163 818 4223 de
830 4163 858 4222 la
876 4165 989 4234 Mense,
1004 4159 1182 4220 mandim-

126 4267 204 4314 ment
217 4253 255 4314 de
268 4255 453 4316 Bar-lebna
