2946 5070
168 462 229 523 aar
449 530 452 539 .
586 457 791 541 arcican,
840 517 844 528 .

168 606 242 667 tam
268 590 436 667 decentet
463 590 629 693 amictos,
653 604 727 664 tam
751 591 866 664 claros
893 605 930 663 et
954 589 1085 664 hilares
1114 593 1238 667 vultus

168 726 274 811 atque
291 713 389 788 laetos
413 710 650 811 pretendere,
671 725 728 801 ut,
749 710 876 810 procul
893 709 1024 804 dubio,
1053 724 1237 788 utrorum·

167 858 238 933 que
265 833 484 933 populorum
506 845 581 905 tam
606 846 729 930 aperta
751 846 787 905 et
810 845 1003 930 conspecta
1029 832 1235 927 diversitas,

169 974 245 1025 non
261 949 359 1035 aliud
380 974 490 1049 quam
512 945 750 1023 differentiam
766 930 983 1023 conditionis
998 947 1200 1023 bberorum
1214 975 1237 1024 a

165 1067 295 1167 pressis
312 1065 390 1139 dira
405 1066 571 1139 servitute
588 1079 764 1138 ostentare
777 1062 953 1145 videatur.

214 1188 316 1260 Hanc
334 1185 517 1282 utriusque
535 1197 636 1257 terrae
661 1197 696 1255 et
719 1183 845 1281 populi
867 1180 1091 1257 disserentem
1104 1185 1236 1259 condi·

164 1300 303 1377 tionem
328 1315 528 1397 statumque
554 1313 757 1398 compertos
780 1313 816 1373 et
842 1313 1019 1399 spectatos
1042 1325 1080 1373 se
1096 1299 1236 1377 babere

165 1416 326 1506 dicebat,
351 1432 387 1490 et
408 1418 477 1491 alia
498 1417 602 1516 plura
623 1417 662 1489 in
685 1414 850 1491 eamdem
864 1417 1097 1506 sententiam,
1120 1419 1236 1491 extol·

164 1534 274 1611 lando
299 1533 401 1609 valde
429 1560 508 1637 quae
531 1535 569 1605 in
594 1533 719 1609 alienis
742 1531 909 1623 vidisser;
936 1559 1044 1632 super
1068 1533 1125 1607 bis
1146 1561 1235 1609 rero

165 1649 424 1726 calamitatibus
439 1675 528 1748 quas
544 1650 582 1723 in
598 1673 712 1745 regno
727 1649 897 1748 reperiret
911 1663 947 1721 et
961 1651 1063 1727 terris
1078 1675 1235 1749 quarum

164 1767 302 1863 genitor
329 1792 414 1840 suus
441 1767 725 1841 moderationem
750 1780 857 1864 atque
887 1766 1235 1845 administrationem

164 1884 342 1981 gessisset,
359 1900 399 1959 ut
415 1884 528 1959 videri
544 1899 700 1983 poterat,
728 1884 984 1958 commiserans
1006 1903 1114 1984 atque
1136 1890 1235 1986 iuge·

163 2002 329 2093 miscens,
345 2025 382 2075 se
395 2000 625 2077 veliementer
640 2001 798 2099 compati
814 2000 1032 2099 pauperibus
1042 2005 1236 2099 regnicolis

162 2130 199 2191 et
214 2115 258 2191 de
275 2141 400 2189 eorum
416 2115 598 2215 pauperie,
616 2115 785 2188 arumnis
800 2128 837 2187 et
853 2115 959 2188 variis
970 2116 1235 2192 calamitatibus

163 2232 341 2306 risaei-oso
354 2247 390 2307 et
407 2245 483 2307 toto
499 2231 623 2305 auimo
640 2230 835 2305 condolere
853 2229 990 2323 aiebat,
1008 2231 1127 2330 deque
1143 2236 1234 2309 nihil

163 2362 237 2423 tam
263 2347 448 2440 affectare,
476 2372 587 2444 quam
609 2362 649 2419 ut
667 2346 713 2421 de
729 2361 831 2421 tauto
847 2372 909 2420 eos
923 2349 1153 2425 miseriarum
1174 2377 1235 2424 cu-

162 2464 262 2539 mulo
278 2478 398 2562 posset
421 2461 577 2538 relevare
594 2478 630 2537 et
647 2464 771 2538 omnia
795 2463 833 2535 in
856 2462 1020 2537 debitum
1041 2479 1153 2564 atque
1168 2466 1233 2540 de·

162 2596 303 2653 tentem
323 2594 471 2673 statum,
496 2581 534 2653 in
559 2605 633 2677 quo
650 2579 738 2654 olim
759 2603 912 2676 regnum
936 2580 1082 2653 feliciter
1107 2584 1233 2680 priscis

161 2697 230 2771 illis
256 2696 407 2769 llorebat
438 2695 681 2795 temporibus,
714 2697 925 2769 instaurare.
953 2700 1065 2794 Atque
1091 2700 1230 2773 utinam

161 2814 289 2888 ellectu
305 2829 340 2887 et
357 2838 465 2912 opere
481 2814 530 2884 ita
553 2837 635 2885 eam
650 2811 747 2910 piam
770 2827 806 2883 et
822 2827 982 2889 sancum
1001 2812 1231 2889 allectionem

161 2931 395 3021 exhibuisset,
421 2928 729 3027 quemadmodum
746 2931 893 3029 copiosa
912 2932 995 3005 satis
1008 2935 1175 3007 oratione
1195 2949 1231 3004 et

161 3047 279 3121 verbis
290 3049 434 3146 optimis
450 3046 583 3119 lmbere
599 3045 800 3119 ostentabat
816 3044 824 3119 l

514 3367 773 3438 carnutum
811 3369 871 3437 lll.

176 3569 322 3641 Quomodo
336 3570 475 3625 eonsilium
489 3590 505 3623 a
516 3570 595 3623 nobis
608 3568 667 3623 dui
678 3570 803 3642 expetiit,
816 3568 956 3642 quomodo
968 3584 1022 3625 tn
1034 3572 1108 3646 piu
1121 3574 1209 3629 inten-

362 3656 465 3711 tione·
481 3675 556 3711 ruam
568 3654 604 3710 ad
615 3656 740 3710 ellectu
754 3656 902 3728 perd-m
913 3671 1009 3730 pour.

205 3843 345 3933 Quibus
370 3844 478 3917 etiam
503 3868 577 3917 non
600 3857 813 3938 contentus,
839 3869 943 3936 cum,
970 3846 1023 3917 uti
1046 3844 1223 3941 diximus,

156 3976 284 4033 nostra·
310 3962 472 4059 parvitati
499 3986 566 4059 pro
593 3976 716 4033 nostra
745 3960 994 4057 hujuscemodi
1019 3966 1226 4037 commoui-

156 4077 254 4149 tioue
282 4078 411 4175 gratias
439 4078 611 4151 uumms
639 4102 676 4148 se
706 4075 839 4149 babere
864 4077 1029 4173 dixisset,
1053 4081 1224 4154 eamdem

155 4192 265 4269 etum
278 4194 408 4269 iterum
422 4208 530 4291 atquc
542 4193 673 4268 iterum
684 4192 884 4291 rogantium
895 4208 1003 4293 atque
1017 4195 1225 4296 imprecan-
