2946 5070
189 440 226 498 w
461 435 717 496 maromaautt
738 436 915 495 mnovlcl
934 439 977 494 x1

188 573 263 667 agri
280 568 401 644 inculti
426 566 594 668 jacebant
615 566 736 641 :unde
750 590 892 641 necesse
917 584 993 642 erat
1011 570 1058 644 ad
1082 571 1249 670 hujusce·

190 687 289 762 modi
305 689 469 762 locorum
486 687 723 760 munitionem
748 701 782 758 et
805 689 1046 785 provisionem
1071 689 1246 780 militum,

189 804 249 902 qui
266 803 336 876 illic
351 803 463 877 relicti
481 815 600 892 erant,
624 800 670 872 de
699 800 951 875 remotioribus
969 804 1162 902 provinciis
1182 805 1251 877 vic·

190 920 297 994 tualia
318 921 510 1021 provideri.
530 923 617 1009 Quae
633 942 688 990 res
703 920 993 1016 ⁴prouincialibus
1019 920 1122 1016 regiae
1144 920 1250 993 ditio·

191 1039 258 1129 nis,
277 1037 354 1110 aliia
372 1035 599 1134 superaddita
615 1034 827 1130 gravissimis
846 1035 1079 1107 collationum
1093 1049 1130 1106 et
1143 1038 1251 1109 servi·

190 1155 322 1227 tiomm
337 1152 520 1240 oneribus,
543 1176 616 1246 non
634 1174 746 1251 parvo
764 1153 865 1225 oneri
889 1167 996 1251 atque
1019 1152 1251 1226 incommodo

191 1269 296 1342 trine
313 1267 502 1342 serebatur.

241 1389 312 1462 Sed
340 1415 423 1463 cum
458 1391 507 1462 ita
538 1387 679 1461 hiberni
709 1386 843 1484 absque
877 1389 999 1460 castris
1026 1387 1256 1461 decurrerent

193 1532 353 1593 menses,
386 1509 423 1579 in
450 1505 609 1578 hibernis
634 1507 801 1603 utrinque
831 1503 1002 1578 militibus
1034 1503 1252 1601 distributis,

195 1641 344 1699 conatus
357 1648 507 1722 magnus
520 1624 772 1698 intendebatur
782 1648 846 1723 per
861 1623 1153 1716 Maximilianum‚
1173 1629 1257 1696 Aus-

195 1742 440 1836 bludunam,
467 1756 503 1814 et
524 1742 751 1839 Flamingos,
774 1756 832 1833 ut,
853 1741 1137 1814 Tornacensibus
1157 1744 1254 1813 omni

197 1860 361 1935 facultate
376 1858 515 1933 sublata
539 1884 692 1933 annonae
710 1858 755 1931 de
779 1859 863 1930 soris
878 1858 1117 1951 advehendae‚
1136 1859 1258 1932 civitas

196 1977 291 2077 ipsa,
317 1975 363 2048 ad
389 1989 583 2048 extremam
601 1990 725 2051 coacta
749 1975 954 2072 penuriam,
979 1973 1217 2049 delectionem
1237 2001 1259 2049 a

197 2115 279 2187 rege
293 2091 422 2165 laceret
435 2106 470 2164 et
487 2089 636 2163 subiret¹
653 2092 766 2187 leges,
780 2089 903 2189 quales
917 2091 968 2163 eis
983 2089 1101 2163 eidem
1116 2094 1259 2164 nusmae

197 2206 281 2279 duci
295 2221 331 2278 et
344 2206 415 2280 suis
431 2207 516 2280 dare
531 2206 702 2281 libuisset.
725 2211 769 2278 Et
786 2205 951 2304 quidem,
978 2221 1018 2278 ut
1032 2206 1158 2280 durius
1173 2233 1259 2281 con·

198 2324 466 2421 stringerentur,
481 2337 517 2396 et
532 2325 634 2396 citius
651 2323 698 2396 ad
716 2347 821 2396 suum
842 2321 1056 2394 desiderium
1071 2323 1260 2422 perficien-

198 2437 287 2511 drun
307 2438 403 2512 idem
425 2439 498 2512 dux
518 2441 703 2540 pervenire
724 2453 861 2538 posset,
883 2440 1073 2512 contractis
1100 2441 1261 2541 undique

198 2555 311 2653 copiis
343 2569 417 2628 tam
445 2556 710 2652 Flamingorum
737 2580 846 2653 quam
882 2559 1166 2650 Germanorum,
1199 2563 1261 2656 qui

199 2670 359 2769 quotidie
376 2694 419 2743 ex
441 2672 622 2770 superiore
638 2672 830 2744 Germania
853 2671 900 2744 ad
919 2695 1021 2743 suam
1036 2673 1262 2746 servitutem’

198 2787 303 2885 eique
325 2786 496 2860 auxilium
515 2786 701 2860 serendum
724 2812 789 2885 per
804 2802 939 2859 turmas
953 2786 1170 2862 descendere
1186 2817 1262 2864 non

199 2902 403 2995 cessabant,
427 2904 511 2977 exiit
535 2904 571 2976 in
591 2927 695 2999 agros
715 2907 976 2995 Tornaoenses,
995 2904 1094 2976 villas
1113 2907 1263 2980 circum·

199 3044 342 3119 quaque
363 3024 544 3096 universas
566 3022 735 3095 incendio
753 3037 788 3094 et
809 3021 942 3120 rapinis
961 3037 1192 3119 pervastans,
1215 3019 1263 3097 ita

91 3233 97 3244 ἱ
200 3153 241 3215 ut
268 3163 335 3212 nec
365 3139 495 3211 domus
524 3141 561 3211 in
592 3139 654 3210 illo
676 3138 854 3210 territorio
885 3141 1099 3211 Toruacensi
1131 3141 1263 3214 intacta

200 3255 409 3328 remansisse
430 3252 619 3328 diceretur.

249 3373 332 3459 Quo
355 3369 469 3459 lacto,
500 3371 553 3446 sic
580 3370 759 3470 populatis
779 3385 815 3442 et
845 3371 988 3443 vastatis
1015 3370 1264 3467 hujuscemodi

201 3486 311 3587 agris,
327 3486 373 3559 ad
386 3488 532 3586 propria
548 3485 672 3576 rediit3
686 3485 749 3560 sed
762 3510 829 3559 nec
843 3487 893 3558 sic
910 3501 1049 3559 tannim
1066 3511 1130 3559 eos
1144 3511 1265 3560 coare

200 3616 276 3675 tare
295 3603 431 3701 potuit,
453 3616 492 3674 ut
511 3601 558 3677 ad
576 3603 727 3676 civitatis
745 3601 984 3692 deditionem,
1008 3603 1056 3676 ad
1079 3626 1190 3700 quam
1211 3606 1265 3674 in·
1295 3664 1302 3673 .

200 3717 393 3807 tendebat,
412 3719 597 3817 pervenire
612 3721 785 3819 potuerit;
803 3734 839 3791 et
855 3719 935 3790 ticet
953 3719 1065 3791 multa
1083 3742 1149 3817 per
1165 3720 1266 3792 Flan

200 3834 317 3909 driam
327 3836 365 3907 in
378 3835 486 3932 vulgo
498 3836 730 3931 jactarentur,
745 3836 844 3933 quod
859 3860 881 3907 a
894 3837 1038 3908 Francis
1051 3836 1099 3908 de
1111 3861 1265 3909 annouae

202 3951 406 4027 necessarie
430 3950 641 4025 advectione
664 3951 797 4025 civitati
811 3946 993 4024 subveniri
1009 3951 1112 4051 [uon]
1125 3969 1263 4052 pom,

243 4109 270 4162 l.
295 4109 410 4175 rm,
419 4103 514 4163 subire
529 4104 600 4163 dans
612 4106 641 4164 le
654 4125 708 4163 rus.

241 4202 272 4257 ί.
294 4200 427 4278 Conigea
439 4202 481 4256 ad
491 4220 572 4256 suum
585 4205 739 4259 minua.
