2946 5070
195 463 253 524 360
611 464 817 534 aromata,

194 614 288 688 rem,
307 595 371 670 sed
395 595 520 668 hocin
542 597 592 668 eis
612 596 799 669 dumtaxat
818 609 917 670 amat
942 592 1047 695 quod
1072 594 1211 696 [juvat]
1225 595 1267 670 ad

193 711 441 812 proximomm
466 711 655 784 utilitatem
681 726 718 783 et
744 710 1001 802 directionem,
1029 715 1130 805 Deo,
1162 735 1265 808 quem

193 829 311 903 solum
326 843 442 922 amat,
458 855 563 901 suum
574 827 719 901 exhibet
732 829 1021 900 ministeriumet
1037 827 1263 901 famulatum.

196 944 358 1017 Profecto
373 969 440 1017 nec
449 945 480 1016 si
488 945 658 1017 violentia
672 944 962 1043 persequentium
976 969 1016 1016 se
1029 943 1146 1017 abeis
1160 945 1268 1044 pella·

194 1075 253 1132 tur
266 1074 373 1158 atque
389 1059 586 1156 dejiciatur,
607 1062 662 1133 vel
681 1062 789 1134 etiam
802 1059 937 1132 eisdem
955 1075 1090 1159 sponte
1102 1085 1149 1132 ex
1163 1086 1265 1135 causa

194 1175 398 1250 rationabili
426 1176 549 1270 cedat,
575 1202 619 1249 ex
643 1177 835 1250 transitorii
864 1175 1016 1248 honoris
1048 1175 1214 1250 absentia
1233 1194 1265 1250 et

193 1294 363 1383 carentia,
373 1317 481 1390 quem
494 1295 643 1368 minime
657 1293 861 1385 adamabat,
872 1318 940 1366 nec
954 1293 1145 1391 frangetur
1154 1295 1264 1394 neque

194 1408 411 1483 cruciabitur
427 1433 602 1506 unquam.
629 1415 680 1482 Ex
703 1411 775 1483 hoc
794 1436 871 1483 uno
890 1410 1041 1507 quidem
1066 1411 1194 1484 dolere
1214 1414 1265 1510 pie

194 1539 229 1596 et
251 1537 372 1597 sancte
395 1525 527 1622 poterit
547 1526 647 1622 quod
670 1525 737 1599 sibi
759 1527 941 1599 auferatur
965 1541 1077 1623 atque
1100 1520 1267 1626 eripiatur

198 1642 355 1735 facultas,
373 1664 445 1739 qua
461 1641 625 1741 pluribus
637 1668 681 1715 er
698 1644 843 1716 caritate
859 1658 898 1716 et
911 1667 1037 1715 amore
1051 1644 1130 1715 Dei*
1140 1645 1267 1717 utiliter

195 1756 365 1856 prodesse
386 1757 573 1857 cupiebat,
598 1774 634 1832 et
656 1759 755 1857 quod
781 1759 818 1831 in
841 1783 884 1832 ea
911 1784 949 1832 re
971 1760 1217 1832 ministerium
1238 1776 1270 1834 et

199 1874 409 1947 famulatum
426 1875 512 1964 Dei,
536 1899 645 1971 quem
661 1875 779 1947 solum
799 1890 913 1969 amat,
935 1877 1094 1975 amplius
1110 1903 1270 1952 exercere

198 2006 234 2065 et
249 1991 420 2091 perficere
434 2016 510 2063 non
526 1990 677 2085 habeat;
696 2017 821 2068 verum
832 2018 922 2066 oum
937 2008 973 2066 et
987 1994 1076 2088 hoc,
1095 1995 1201 2092 quod
1216 1997 1271 2069 tali

200 2109 397 2181 ministerio
409 2124 527 2183 careat
539 2124 647 2208 atque
658 2135 703 2183 eo
715 2109 904 2204 abstineat,
917 2111 1005 2182 sciat
1013 2137 1094 2183 non
1103 2113 1183 2184 sine
1196 2115 1270 2206 Dei,

200 2250 309 2322 quern
326 2225 443 2298 solum
466 2225 599 2323 diligit,
624 2217 809 2299 voluntate
824 2225 1033 2324 judicioque
1048 2231 1270 2326 contingere,

201 2342 277 2439 ejus
295 2340 427 2416 auxilio
444 2357 479 2414 et
494 2343 606 2437 gratia
619 2342 775 2440 adjutus,
789 2367 891 2444 suam
903 2342 1133 2417 voluntatem
1149 2346 1273 2419 divina

202 2457 344 2557 penitus
357 2456 603 2552 conformans,
618 2482 693 2530 non
707 2458 825 2531 solmn
838 2458 976 2531 fortiter
991 2474 1028 2532 et
1043 2463 1224 2559 patienter
1238 2486 1273 2534 se

203 2573 312 2648 habet
326 2576 363 2646 in
380 2573 667 2672 quibuscumque
680 2574 953 2649 adversitatibus
966 2590 1002 2648 et
1019 2579 1273 2675 persecutioni·

202 2689 283 2782 bus,
300 2691 377 2783 sed,
389 2691 488 2787 juxta
500 2691 735 2790 apostolicam
751 2692 965 2785 doctrinam,
980 2692 1091 2764 etiam
1111 2724 1129 2759 α
1147 2693 1273 2791 gloria-

204 2821 263 2879 tur
277 2806 315 2878 in
329 2804 631 2900 tribulationibus,
645 2807 761 2879 sciens
772 2805 1052 2903 quia-tribulatio
1065 2808 1270 2906 patientiam

205 2938 386 3022 operatur,
405 2924 575 3021 patientia
588 2921 854 3020 probationem,
874 2921 1040 3021 probatio
1057 2948 1174 3022 spem.
1191 2926 1273 3023 Spes

205 3064 291 3112 vero
318 3064 393 3111 non
416 3039 618 3132 confundit,
647 3040 733 3137 quia
759 3041 887 3112 caritas
911 3040 979 3110 Dei
1002 3036 1136 3113 diflusa
1163 3056 1215 3112 est
1239 3041 1273 3110 in

208 3153 378 3227 cordibus
396 3155 527 3227 nostris
542 3181 607 3254 per
624 3156 795 3254 Spiritum
821 3169 997 3242 sanctum,
1023 3156 1086 3252 qui
1104 3155 1212 3227 datus
1227 3170 1276 3228 est

209 3269 315 3343 nobis
326 3299 342 3338 n
360 3271 466 3346 arrha
480 3272 641 3372 profecto
654 3273 851 3345 certissima
864 3286 900 3342 et
914 3272 1044 3371 pignus
1060 3272 1276 3344 aeternaehae·

210 3388 386 3482 reditatis3
413 3389 615 3489 gaudetque
637 3390 674 3461 in
696 3415 739 3463 ea
753 3415 816 3489 spe
827 3377 924 3462 xmiro
949 3387 1064 3460 modo
1081 3390 1137 3459 vir
1150 3389 1275 3485 justus,

209 3505 357 3602 cupiens
381 3518 417 3575 et
441 3503 647 3578 desiderans
669 3521 746 3578 toto
763 3508 891 3578 mentis
909 3505 1039 3578 aflectu
1064 3504 1278 3577 imitatorem

210 3645 248 3692 se
267 3617 343 3690 fieri
359 3622 567 3717 eorumqui
593 3620 664 3693 frde
680 3636 716 3693 et
735 3622 905 3720 patientia
924 3618 1184 3693 haereditarunt
1193 3639 1280 3718 pro-

211 3737 417 3826 missiones;
439 3761 554 3835 eoque
579 3736 691 3810 modo
714 3737 865 3809 invictus
887 3760 1056 3828 manens,
1082 3759 1150 3834 per
1175 3733 1281 3805 fidem

211 3854 492 3953 patientiamque
518 3854 625 3926 vincit
650 3869 821 3951 tyrannos
839 3868 875 3924 et
891 3876 1012 3949 regna,
1030 3852 1282 3952 experiturque

213 3971 439 4044 verissimum
455 3995 543 4062 esse,
562 3969 662 4067 quod
679 3969 775 4042 idem
794 3969 981 4068 Apostolus
997 3968 1059 4061 ait,
1077 3999 1095 4035 u
1109 3969 1197 4066 quia
1210 3967 1286 4039 dili·

213 4087 378 4184 gentibus
396 4093 513 4162 Deum
527 4087 651 4160 omnia
665 4102 907 4185 cooperantur
921 4087 958 4158 in
977 4084 1130 4177 bonum,
1149 4084 1206 4157 his
1222 4084 1284 4182 qui

212 4205 411 4277 secundum
426 4204 651 4304 propositum
667 4205 784 4275 vocati
798 4218 881 4276 sunt
897 4202 1022 4275 sancti.
1045 4230 1063 4268 n
