2946 5070
606 511 713 570 mnu
734 512 883 571 stst.
1220 523 1279 577 tta

216 640 333 712 unice
358 639 438 712 fitiae
459 642 602 735 Caroli,
622 643 917 740 Burgundionum
941 643 1060 740 ducis,
1082 662 1190 744 atque
1207 649 1278 722 hae·

216 755 356 852 mdis),
384 781 452 828 nec
473 756 704 831 humanitatis
720 758 1046 857 contemplatione,
1072 786 1140 835 nec
1163 766 1280 861 ponti·

215 870 327 945 licalis
343 887 449 946 tantae
462 874 642 971 dignitatis
659 875 872 969 reverentia,
888 900 963 948 non
981 891 1033 949 est
1046 903 1169 975 passus
1185 882 1278 953 tradi

213 987 423 1087 sepulture,
450 989 568 1063 donec
591 991 692 1064 tertia
718 990 866 1064 demum
894 991 970 1084 die,
994 992 1161 1067 fratribus
1184 996 1278 1069 beati

212 1105 391 1177 Francisci
412 1130 497 1176 eum
529 1103 661 1178 obnixe
689 1106 918 1202 rogantibus,
948 1133 1079 1208 corpus
1104 1109 1214 1184 levari
1243 1116 1279 1184 e't

211 1220 401 1320 sepultum:
417 1221 510 1295 tradi
527 1221 619 1294 male
635 1220 751 1293 libens
767 1223 938 1321 permisit.

260 1338 344 1409 Acta
364 1351 417 1409 est
440 1337 517 1409 baec
541 1337 654 1409 <sedes
674 1351 710 1409 et
732 1353 807 1410 tam
834 1339 978 1411 crudele
1006 1363 1049 1412 ac
1067 1340 1277 1439 parricidale

209 1452 452 1551 sacrilegium,
467 1477 566 1527 anno
579 1479 834 1547 uccccnxxxn,
850 1456 1057 1554 paenultima
1072 1456 1130 1528 die
1147 1460 1278 1532 mensis

210 1572 362 1670 augusti.
392 1572 491 1644 Illico
520 1587 640 1645 autem
666 1572 740 1645 hoc
767 1586 907 1671 patrato
939 1573 1088 1646 immani
1120 1575 1274 1668 scelere,

208 1685 307 1759 idern
326 1688 515 1784 sacrilegus
532 1689 569 1759 in
592 1688 770 1761 civitatem
790 1688 912 1780 irruit,
931 1702 966 1761 et
987 1703 1109 1787 portas
1127 1714 1194 1762 nec
1213 1689 1277 1763 ob-

207 1817 342 1876 seratas
367 1827 434 1875 nec
448 1804 605 1875 munitas
624 1803 828 1896 inveniens,
858 1827 959 1895 eam,
982 1803 1081 1876 nulla
1099 1803 1167 1876 sibi
1183 1803 1275 1878 lacta

208 1920 426 2008 resistentia,
455 1919 627 1993 introivit.
661 1921 755 1991 Sane
782 1941 825 1990 ex
848 1918 920 1990 hoc
941 1933 1048 2014 atque
1072 1919 1165 2011 aliis,
1194 1945 1273 2016 quae

207 2032 364 2105 subinde
386 2049 506 2106 secuta
526 2048 628 2126 sunt,
664 2033 746 2106 satis
771 2033 963 2129 conjectari
985 2035 1103 2131 potuit
1129 2034 1272 2130 qualem

206 2172 369 2222 amorem
378 2172 421 2221 ac
429 2147 659 2222 dilectionem
671 2149 742 2221 loci
752 2149 847 2220 cives
855 2162 891 2220 et
902 2147 1032 2220 accolae
1043 2146 1091 2220 ad
1103 2148 1271 2223 eumdem

206 2264 416 2363 pontificem
443 2289 548 2336 suum
572 2263 801 2353 habuissent,
834 2263 896 2360 qui
926 2287 992 2336 uec
1024 2263 1073 2335 illi
1099 2265 1270 2362 sacrilego

205 2403 288 2451 suas
313 2378 469 2476 objicere
498 2394 620 2479 portas
649 2392 837 2470 curarunt,
865 2376 927 2450 sed
952 2378 1106 2449 ultronei
1131 2383 1267 2476 magis,

205 2495 306 2593 quasi
322 2519 409 2567 eum
426 2495 473 2568 ad
492 2493 560 2567 sibi
580 2493 841 2593 praesidendum
859 2493 1086 2585 invitassent,
1107 2493 1144 2564 in
1168 2519 1268 2567 suam

205 2611 428 2685 intromisere
443 2612 634 2685 civitatem.

538 2871 795 2941 CAPITULUM
822 2871 930 2939 XXX.

202 3046 348 3114 Quomodo
367 3046 438 3102 idem
453 3049 592 3121 sacrilegus
607 3049 714 3102 intravit
733 3045 882 3113 leodium,
903 3059 928 3099 et
948 3044 1032 3117 coegit
1050 3045 1150 3098 clerum
1171 3045 1267 3116 eligere

237 3130 324 3185 filiurn
343 3151 419 3186 suum
435 3134 463 3186 in
481 3133 652 3206 episcopum
671 3145 698 3185 et
712 3132 824 3203 qualiter
844 3131 1034 3185 brabantiones
1051 3128 1190 3182 conatibus
1214 3130 1267 3182 suis

238 3216 345 3271 obviarn
357 3217 444 3272 ierunt
452 3218 472 3274 ¹.

250 3384 430 3478 Ingressus
452 3382 592 3476 itaque,
612 3381 650 3450 in
672 3403 737 3450 suo
755 3377 910 3450 adventu
933 3376 1106 3476 plurimos
1129 3391 1202 3448 tam
1220 3402 1262 3448 er

201 3494 320 3586 clero,
339 3520 448 3594 quam
463 3522 506 3568 er
525 3493 679 3584 civibus,
699 3495 761 3590 qui
782 3519 858 3565 rem
873 3493 1030 3590 aliquam
1045 3490 1178 3564 habere
1200 3518 1264 3593 pu·

200 3623 373 3701 tarentus,
386 3609 492 3684 bonis
507 3611 683 3710 spoliavit.
701 3614 782 3682 Erat
795 3610 912 3680 enim¹
925 3607 992 3679 sibi
1005 3609 1148 3706 suisque
1163 3608 1263 3680 satel-

189 3712 321 3801 litibus
354 3733 438 3802 satis
474 3728 651 3801 sufficiens
681 3726 718 3798 id
751 3728 850 3824 quod
880 3727 937 3798 vel
966 3723 1011 3798 de
1041 3727 1165 3798 amicis
1201 3750 1247 3797 au

199 3842 411 3936 fautoribus,
428 3870 489 3917 seu
502 3845 711 3917 consiliariis
722 3841 880 3915 defuncti
896 3842 1091 3933 exstitisset,
1112 3843 1141 3913 si
1151 3837 1261 3938 [quis]

199 3957 424 4041 facultatibus
448 3963 583 4061 pollere
602 3977 639 4034 et
657 3961 817 4060 locuples
833 3959 909 4032 sore
927 3960 1142 4032 crederetur.
1167 3963 1262 4028 Post·

238 4164 269 4219 l.
288 4159 424 4239 Chapitre
437 4161 572 4240 imprime
583 4160 655 4220 dans
668 4159 875 4237 l’Amplissimo
887 4164 1022 4219 collectio.

238 4256 269 4318 Ξ.
292 4255 389 4314 Plator
401 4275 457 4313 non
469 4270 534 4312 erat
546 4261 633 4315 enim.
