2946 5070
203 542 263 604 m
633 544 837 611 ΑΡΟῙΜΙΑ,

203 678 322 775 datia),
341 678 437 751 illico
452 678 548 750 idem
564 677 637 751 dux
650 678 831 750 civimtem
840 678 1032 772 ingresus,
1051 700 1189 774 magno
1205 702 1269 750 no·

203 815 304 863 mero
322 791 503 887 regiorum
524 791 680 862 militum
698 791 865 888 stipatus,
896 813 977 861 eam
999 792 1151 862 nomme
1177 793 1270 887 regis

203 903 392 1000 occupavit
415 917 522 1000 atque
541 903 728 1001 intercepit
736 905 762 994 ¹,
779 917 832 994 et,
854 900 975 998 ejectir'
994 901 1168 999 prandiis
1189 927 1271 1000 qm

202 1041 246 1093 ex
261 1033 362 1119 parte
384 1017 486 1090 ducis
504 1020 733 1099 normanniae
746 1017 821 1091 illic
844 1019 961 1092 locata
976 1018 1136 1107 immor,
1162 1019 1269 1092 §unul

202 1136 310 1208 etiam
325 1150 362 1208 et
376 1136 510 1208 ceteris
524 1135 684 1232 ejusdem
697 1134 889 1228 officiariis,
904 1134 1131 1233 capium
1142 1133 1270 1207 etbel-

201 1251 314 1324 lirum
325 1265 543 1349 oeterosque
558 1250 750 1336 oiiicia‘rion
764 1249 811 1324 ad
822 1251 972 1324 οἰνὶῐιῑίε
986 1263 1024 1322 et
1040 1251 1165 1348 patria
1179 1252 1271 1346 regi-

201 1388 286 1439 men
313 1390 428 1439 noros
452 1367 545 1462 regia
564 1368 713 1439 nomine
736 1367 905 1457 inruunt,
927 1367 1067 1463 magnis
1086 1367 1198 1437 etiam
1224 1389 1270 1437 ex

201 1484 307 1579 regiis
321 1482 494 1555 militibus
519 1482 592 1556 illio
615 1485 730 1582 copiis
756 1482 980 1556 introductis.
1006 1487 1049 1552 Et
1073 1485 1124 1554 ita
1146 1482 1268 1580 pelam

201 1597 335 1670 sactum
350 1597 417 1670 fuit
437 1599 581 1696 qualem
604 1600 768 1672 animum
791 1597 838 1671 ad
854 1598 1040 1697 prelatum
1055 1620 1268 1693 germanum

201 1737 320 1807 auum,
343 1714 474 1788 ducem
493 1718 734 1809 Normannie,
753 1741 815 1789 rex
830 1729 984 1814 gereret,
1007 1737 1119 1813 quem
1137 1713 1268 1789 talibus

200 1833 504 1907 circumveniebat
522 1833 628 1937 dol-la.

250 1951 404 2048 Hujuscc
423 1953 544 2050 itaque
559 1951 635 2025 doli
647 1962 694 2025 'ac
709 1950 922 2050 proditionis
938 1962 1189 2024 commentum
1205 1951 1270 2024 ad-

201 2090 322 2140 versus
336 2067 610 2142 illustrissimum
625 2066 756 2141 ducem
767 2067 994 2140 Normanuiae
1009 2068 1269 2167 turpissimam

201 2182 370 2255 scelerate
389 2196 574 2255 exsecutus
589 2197 643 2254 est
659 2201 703 2254 ac
723 2180 880 2282 patravit
895 2178 993 2253 idem
1007 2179 1182 2253 Borbouii
1197 2180 1269 2253 dux

200 2295 268 2371 mb
299 2297 525 2372 fraudulenta
549 2297 776 2371 simulatione
801 2295 920 2396 quod,
940 2310 1115 2396 tanquam
1133 2296 1269 2393 legana

201 2420 321 2518 pacis,
343 2442 462 2515 aroge
478 2418 526 2493 ad
545 2418 714 2494 eumdem
728 2419 954 2494 nmsmissus
969 2418 1078 2509 suren
1097 2419 1184 2516 qul,
1202 2418 1268 2492 sibi

201 2538 324 2635 paucis
342 2549 424 2610 ante
440 2534 569 2609 diebus
584 2536 782 2610 arctissimo
800 2532 933 2607 loedere
945 2533 1147 2627 devincam,
1159 2535 1267 2633 ipsius

202 2654 349 2725 nomine
373 2650 501 2726 urbem
526 2653 791 2750 Rothomagum
804 2653 980 2751 pluraque
996 2654 1120 2750 patriae
1132 2651 1266 2751 oppida

201 2783 307 2866 atque
322 2793 420 2843 arces
432 2770 470 2843 in
488 2768 711 2843 deditionem
726 2781 920 2868 receperat.
939 2766 1048 2855 Quod
1070 2781 1194 2840 autem
1210 2790 1267 2842 ac-

202 2900 280 2957 tum
294 2886 360 2958 suit
370 2887 408 2959 in
424 2885 696 2959 Ebroiceusium
709 2886 865 2976 civitate,
883 2906 959 2956 non
968 2908 1071 2958 secus
1082 2882 1265 2957 actitatum

199 3017 252 3074 eat
264 3016 300 3076 et
315 3004 352 3074 in
371 3005 539 3076 vernone
556 3003 713 3104 oppido,
733 3000 780 3074 ab
800 3000 927 3074 eadem
943 3000 1084 3071 civitate
1104 3014 1141 3072 et
1154 3005 1266 3073 Loco·

199 3118 300 3190 Veris
316 3142 391 3190 non
409 3120 562 3218 amplius
577 3120 737 3216 quinque
752 3117 861 3215 leucis
880 3115 1044 3189 distante.
1061 3118 1153 3188 Sunt
1171 3118 1264 3189 enim

201 3234 264 3305 tria
282 3233 530 3329 hujuscemodi
547 3236 647 3308 velut
669 3235 707 3308 in
730 3234 909 3331 triangulo
926 3232 1134 3329 aequilatero
1152 3250 1264 3332 prope

200 3348 353 3422 invicem
371 3351 449 3423 sita.
471 3355 562 3424 Nam
580 3376 622 3424 ex
639 3349 874 3424 libroicislllo
891 3349 1075 3423 duritiem
1093 3347 1262 3422 Borbouii

199 3466 398 3562 trajiciens,
418 3468 537 3565 iprum
560 3467 735 3569 oppidum
757 3471 963 3540 vernonem
982 3465 1145 3539 similiter
1158 3468 1264 3538 intera

198 3583 311 3681 cepit,
328 3583 507 3680 similique
520 3586 742 3658 vaframento
760 3583 844 3656 duci
861 3584 1089 3655 Normanniae
1097 3581 1260 3655 abstulit.

247 3698 385 3791 Sedet,
404 3711 444 3770 ut
469 3715 567 3771 certo
584 3701 840 3796 cognovimus,
865 3722 927 3772 rex
952 3698 998 3771 ad
1020 3698 1141 3797 plures
1164 3698 1262 3770 villae

198 3815 479 3913 circumquaque
490 3815 626 3889 dietum
646 3816 822 3917 oppidum
831 3815 1034 3888 Loci-Veris
1047 3815 1085 3885 in
1099 3837 1176 3912 quo
1189 3822 1262 3884 erat

198 3931 305 4004 irater
327 3957 429 4026 suus,
451 3936 654 4032 opperiens,
675 3935 728 4006 uti
752 3933 923 4026 diximus,
945 3931 1143 4004 adrentum
1169 3930 1262 4026 lega·

239 4115 268 4172 l.
290 4115 447 4191 comparer
466 4114 493 4171 ie
510 4113 582 4172 recit
600 4113 640 4171 du
660 4073 755 4171 nieme
769 4111 821 4172 tait
837 4111 902 4185 daja
920 4108 1057 4189 rapport&
1077 4105 1151 4166 dans
1171 4107 1261 4166 i'iiis·

198 4202 271 4264 toire
285 4203 325 4263 du
339 4209 428 4285 regne
443 4206 480 4265 de
494 4206 579 4267 Louis
591 4208 649 4280 xl,
665 4218 687 4269 t.
703 4206 750 4274 11,
765 4226 797 4284 p.
813 4205 888 4277 153,
902 4212 931 4262 et
944 4203 986 4262 les
1001 4202 1134 4259 veniens
1148 4213 1262 4260 conua-

197 4297 332 4359 dictoirea
344 4301 512 4379 rapporties
527 4319 564 4360 en
577 4313 656 4360 note.
