2946 5070
581 224 601 263 ἶ

579 489 688 545 lautu
707 487 897 545 summus.
1211 493 1268 550 tls·

204 632 407 710 servarant,
432 618 521 690 illud
538 641 560 690 a
580 633 741 717 tempore
765 618 958 691 inchoatae¹
977 617 1160 690 seditionis
1183 645 1267 692 con-

203 746 448 832 sumpserant,
468 732 575 807 etiam
592 749 744 831 egestate
766 732 992 807 laborabant.
1015 734 1119 805 Unde
1140 737 1268 808 morie·

203 847 338 921 bantur
349 849 464 940 multi,
479 863 514 920 et
527 864 603 921 erat
616 847 750 946 ubique
760 847 1042 921 mendicantium
1059 849 1268 923 miserabilis

203 967 355 1063 ejulatus
373 982 409 1038 et
426 966 589 1062 gemitus.

256 1083 323 1154 lllis
339 1082 485 1180 quidem
499 1081 641 1155 duobus
654 1083 779 1172 annis,
802 1080 933 1181 quibus
949 1080 1008 1153 illa
1024 1080 1267 1155 seditioeller-

204 1198 284 1271 buit
300 1214 337 1271 et
356 1197 517 1289 duravit,
545 1214 620 1271 erat
636 1197 770 1297 ubique
792 1223 893 1298 paene
908 1223 972 1296 per
987 1198 1109 1270 Galliae
1128 1216 1162 1271 et
1177 1204 1265 1275 Ger·

204 1316 332 1386 maniae
350 1330 461 1388 terras
482 1315 645 1387 sterilitas
665 1330 701 1387 et
722 1315 861 1387 caristia
889 1338 1018 1410 magna
1038 1315 1263 1406 victualium,

203 1433 254 1504 ita
270 1447 311 1503 ut
326 1457 426 1530 paene
446 1430 602 1529 ubique,
623 1432 731 1503 etiam
747 1456 812 1529 per
826 1429 980 1522 Gallias,
999 1445 1097 1529 peste
1113 1456 1155 1501 ex
1175 1432 1267 1503 same

202 1560 408 1638 contracta,
428 1547 574 1646 plurimi
590 1561 827 1618 morerentur.
852 1546 921 1618 Sed
935 1547 1083 1643 Trajecti
1104 1547 1180 1619 baec
1207 1573 1267 1621 ca·

203 1662 343 1736 lamitas
359 1663 620 1760 geminabatur,
639 1689 722 1735 cum
739 1687 782 1734 ex
800 1663 891 1759 agris
903 1664 993 1752 suis,
1012 1664 1074 1761 qui
1092 1663 1215 1735 inculti
1231 1680 1268 1737 et

201 1779 362 1852 sentibus
378 1779 485 1852 obsiti
495 1778 685 1876 jacebant,
706 1777 794 1850 nihil
808 1803 953 1876 prorsus
968 1778 1211 1876 perciperent,
1232 1795 1268 1852 et

203 1897 331 1968 tertio¹
359 1894 508 1967 denario
539 1910 600 1967 aut
634 1895 741 1967 etiam
773 1893 961 1967 medietate
990 1910 1119 1967 cuncta
1150 1897 1267 1968 carius

201 2035 323 2083 emere
341 2036 484 2085 necesse
503 2010 696 2097 haberent,
717 2035 826 2107 quam
842 2011 879 2082 in
896 2012 947 2081 eis
965 2010 1054 2083 locis
1069 2011 1266 2084 venderen-

201 2140 261 2198 tur
278 2126 438 2203 undeea
460 2126 590 2199 advehi
613 2127 660 2200 ad
681 2152 742 2198 eos
765 2125 965 2225 oportebat.
985 2126 1055 2197 Sed
1078 2142 1114 2199 et
1137 2128 1267 2200 nihilo·

199 2244 321 2316 minus
337 2244 408 2316 illic
425 2245 525 2316 unde
545 2243 815 2317 advehebantur
837 2242 929 2315 ultra
949 2244 1111 2335 solitum,
1144 2270 1267 2341 quem·

200 2360 400 2434 admodum
429 2376 464 2432 et
489 2361 527 2432 in
551 2362 652 2433 omni
672 2361 767 2432 circa
785 2360 949 2456 regione,
973 2360 1113 2433 caristia
1138 2386 1268 2458 magna

200 2475 410 2548 victualium
425 2492 513 2549 erat.

250 2595 370 2679 Quam
384 2591 621 2665 miserabilem
638 2592 874 2664 calamitatem
890 2591 1038 2688 quidam
1052 2617 1093 2663 ex
1107 2592 1263 2686 civibus,

199 2708 263 2803 qui
280 2708 461 2803 validioris
477 2709 588 2782 animi
615 2722 721 2804 atque
739 2706 896 2779 audaciae
911 2721 1031 2798 erant,
1056 2708 1150 2779 ultra
1176 2708 1266 2780 serre

201 2850 276 2896 non
303 2826 477 2914 valentes,
504 2826 596 2896 inter
626 2848 663 2894 se
687 2824 791 2921 pauci
820 2837 908 2894 tunc
930 2822 1097 2894 dixerunt
1128 2839 1264 2897 secroto

200 2941 325 3038 quod,
344 2942 374 3013 si
391 2941 513 3039 aliquo
531 2940 588 3011 die
614 2938 747 3009 rutheri
773 2937 952 3010 civitatem
969 2939 1126 3031 exirent,
1148 2941 1264 3035 siqua

200 3057 258 3128 via
271 3069 438 3153 possent,
458 3056 565 3127 asnis
581 3052 779 3127 cervicibus
795 3053 1021 3149 tyrannicum
1035 3053 1123 3124 illud
1137 3055 1263 3152 jugtun

200 3185 409 3243 excuterent
428 3187 464 3244 et
489 3196 564 3244 sese
587 3194 629 3243 ac
656 3170 834 3241 civitatem
860 3169 899 3239 in
926 3167 1126 3242 libertatem
1150 3171 1265 3243 vindi·

200 3300 337 3359 carent.
354 3285 597 3385 Explorabant
613 3287 731 3382 itaque
754 3299 790 3370 et
812 3285 917 3357 tacite
935 3284 1212 3382 opperiebantur
1235 3288 1263 3360 si

200 3403 350 3502 quando
366 3404 457 3476 bora
477 3417 683 3503 opportuna
699 3426 736 3472 se
755 3400 918 3487 ollerret,
943 3424 1016 3496 qua
1038 3402 1092 3472 sui
1115 3402 1207 3473 inter
1226 3428 1264 3476 se

201 3520 323 3620 placiti
338 3537 374 3594 et
389 3521 546 3595 condicti
562 3520 827 3593 exsecutionem
843 3516 1012 3616 perlicere
1030 3534 1185 3616 possent.

250 3637 409 3733 Contigit
424 3651 545 3710 autem
560 3651 601 3708 ut
617 3637 675 3708 die
692 3635 823 3708 mensis
843 3633 964 3732 aprilis
981 3659 1060 3720 xxi,
1082 3648 1165 3732 post
1183 3661 1264 3734 pas·

201 3752 270 3825 cha
302 3776 401 3825 anno
433 3753 580 3826 Domini
612 3774 878 3839 uccccmxxru,
918 3749 1060 3845 tyranni
1088 3751 1262 3842 civitatis,

201 3867 348 3940 absente
365 3884 452 3940 tuno
466 3869 565 3940 idolo
583 3893 661 3953 suo,
676 3866 867 3938 domicello
883 3863 1124 3960 Enghelberto
1135 3865 1180 3938 de
1198 3867 1267 3936 Cli·

202 3986 272 4079 vis,
293 3986 356 4082 qui
374 3984 423 4058 ob
447 3985 622 4058 nonnulla
643 4009 706 4056 sua
724 3982 867 4080 negotia
881 4007 904 4053 a
922 3982 1062 4056 civitate
1078 4006 1115 4053 se
1137 3980 1264 4054 absen-

245 4157 272 4211 l.
294 4157 349 4213 tls.
367 4156 523 4214 inchoante.
540 4152 690 4212 lllatthaeus
705 4152 870 4212 inchoantis.

241 4247 272 4303 2.
293 4245 445 4306 Matthaeus
459 4248 610 4324 trigesimo.

302 4356 341 4397 m
