2946 5070
160 454 161 458 ’
194 457 232 513 72
466 458 721 518 utsmttmwtt
743 452 920 519 LUDOVICI
940 462 983 518 Xl

194 587 323 661 trolabi
347 602 382 660 et
408 576 546 661 cadere.
567 593 648 677 Quo
666 591 743 689 ipsa
763 616 846 664 casu
869 595 1021 667 coutrita
1044 609 1080 667 et
1107 595 1259 691 graviter

194 729 385 805 oppressa,
420 718 526 801 atque
551 705 603 777 ad*
623 703 773 781 domum
804 730 906 781 suam
932 707 1061 801 debilis
1088 709 1257 796 reducta,

193 820 284 894 infra
298 844 433 920 paucos
446 819 522 893 dies
535 824 645 920 post¹‚
661 847 702 893 ex
715 822 784 894 hac
798 824 999 897 transitoria
1014 825 1099 916 vita,
1116 827 1261 898 incertis

194 961 333 1037 semper
347 951 383 1008 et
401 936 567 1034 periculis
582 950 618 1008 et
635 935 776 1009 casibus
796 938 921 1036 plena,
941 941 1104 1036 migravit
1121 940 1168 1012 ad
1185 945 1259 1012 Do·

194 1055 333 1125 minum
344 1057 366 1123 ².

244 1176 348 1259 Erat,
376 1194 443 1269 pro
466 1183 565 1242 aetate
595 1186 631 1243 et
657 1195 760 1242 sexus
782 1170 1010 1262 conditione,
1036 1171 1200 1270 prudens
1225 1189 1261 1245 et

195 1293 288 1365 bene
304 1305 464 1383 morata,
482 1290 553 1362 fide
572 1315 615 1363 ac
637 1292 697 1389 pia
716 1290 762 1362 ad
785 1293 901 1363 Deum
920 1291 1132 1385 devotione,
1152 1293 1261 1364 simul

194 1423 229 1481 et
258 1405 478 1500 benignitate
498 1419 603 1501 atque
630 1406 938 1502 eleemosynarum
954 1406 1140 1502 largitione
1158 1430 1261 1479 com-

194 1520 374 1596 mendata.
413 1519 516 1592 Unde
550 1522 687 1593 cunctis
724 1534 898 1592 terrarum
931 1544 1076 1593 suarum
1107 1516 1261 1592 subditis

195 1640 305 1738 ipsius
329 1652 402 1710 tam
422 1661 579 1737 praeceps
600 1652 636 1709 et
658 1639 847 1717 immatura
867 1662 965 1710 mors
979 1637 1101 1735 magni
1120 1636 1257 1728 luctam,

197 1785 264 1832 nec
282 1761 401 1854 minus
417 1759 541 1830 illustri
559 1759 666 1853 etiam
685 1759 942 1851 Maximiliauo,
961 1758 1036 1856 ejus
1049 1758 1260 1856 conjugali,

119 1902 123 1910 ·
198 1876 259 1972 qui
280 1876 400 1966 eam⁸‚
422 1873 476 1945 uti
498 1887 676 1972 parerat,
696 1874 800 1945 unice
819 1872 1001 1970 diligebat,
1020 1875 1138 1949 attulit
1157 1899 1263 1946 occa·

195 1992 346 2063 sionem.
364 1994 505 2061 Horum
523 2004 642 2062 autem
658 1989 796 2062 ‘luctus‘
818 2016 893 2062 non
916 2015 1044 2090 panim
1069 1989 1264 2065 deliniebat

116 2157 121 2168 ·
196 2128 303 2211 atque
327 2111 521 2205 solabatur,
552 2112 651 2209 quod
674 2127 856 2184 tantorum
872 2112 1118 2186 dominiorum
1139 2127 1175 2185 et
1203 2113 1264 2203 in-

196 2230 350 2324 signium
379 2244 552 2322 terrarum
577 2229 735 2302 lraeredes
762 2245 843 2327 post
865 2254 902 2301 se
931 2229 1120 2325 reliquerat
1147 2254 1264 2301 unum

197 2347 330 2438 silium,
353 2343 500 2419 nomine
522 2346 743 2446 Philippum,
774 2360 810 2417 et
822 2371 931 2418 unam
956 2346 1089 2438 liliam,
1115 2347 1264 2417 nomine

197 2465 462 2558 Margaretarn⁵.
482 2464 571 2534 Nam
588 2462 655 2534 nisi
675 2463 911 2552 invenisset,
929 2468 965 2535 e't
986 2460 1122 2559 absque
1144 2463 1265 2536 liberis

198 2575 276 2672 ipsa·
299 2573 395 2645 diem
424 2574 588 2662 obiisset,
611 2575 678 2647 illis
700 2575 901 2648 clarissimis
930 2575 1032 2646 terris
1055 2576 1128 2647 suis
1155 2576 1265 2673 ipsius

197 2691 350 2763 delectio
366 2691 600 2763 verisimiliter
622 2706 752 2763 statum
775 2689 952 2762 infelicem
968 2703 1002 2761 et
1016 2688 1120 2765 valde
1140 2690 1265 2761 turbu-

197 2809 334 2881 lentum
357 2809 581 2908 importasset
602 2836 611 2879 ε
634 2808 733 2904 quod
749 2807 1039 2896 clementissime,
1059 2831 1124 2904 per
1141 2806 1264 2904 hujus-

198 2924 340 2997 cemodi
364 2925 474 2997 deca
498 2925 701 3023 superstites
727 2923 879 3016 liberos,
912 2923 1032 2995 divina
1063 2922 1265 3019 benignitas

197 3042 333 3112 avertit.

239 3304 268 3357 l.
287 3298 349 3359 Elle
363 3319 400 3357 ne
414 3298 471 3378 prit
483 3301 511 3359 lc
523 3301 556 3359 lit
569 3302 657 3380 qu'au
670 3300 742 3360 bont
753 3299 789 3359 de
802 3299 872 3358 trois
886 3297 1037 3369 semines,
1052 3297 1166 3355 suivant
1180 3296 1263 3354 Moli·

199 3407 264 3464 uet3
285 3393 356 3451 mais
374 3393 402 3452 la
420 3394 583 3474 Chronique
596 3394 738 3454 flamande
751 3394 801 3453 des
815 3392 879 3451 [aits
892 3406 921 3450 et
938 3405 1029 3471 gestes
1041 3389 1216 3450 admirables
1229 3389 1265 3448 de

200 3487 376 3546 Maximilien
392 3501 435 3546 cst
448 3489 597 3548 conforme
612 3509 650 3548 au
662 3488 734 3548 recit
747 3487 784 3546 de
795 3486 919 3546 Thomas
932 3485 1028 3545 Basin.

240 3586 269 3640 2.
292 3585 330 3641 27
344 3602 421 3642 mars
434 3586 525 3647 1482.

241 3680 269 3736 3.
291 3680 388 3735 Etiam
402 3678 474 3738 dans
489 3679 516 3737 le
532 3699 586 3738 ms.

241 3774 269 3829 ἱι.
293 3769 390 3830 Mieux
404 3772 538 3832 vaudrait
553 3777 673 3846 luctum,
689 3793 727 3831 au
741 3771 888 3851 singulier.

241 3869 270 3922 5.
293 3864 424 3944 Philippo
444 3866 471 3925 le
493 3871 570 3925 Beau
586 3880 616 3926 et
630 3867 804 3946 Marguerite
823 3863 1000 3924 d’Autriche.
1026 3865 1087 3923 Elle
1106 3861 1213 3922 laissait
1230 3860 1266 3920 de

200 3960 264 4038 plus
279 3979 318 4018 un
333 3959 377 4017 fils
394 3963 594 4032 nouveau-ne,
610 3961 712 4040 appele
725 3958 878 4037 Francois,
893 3958 944 4037 qui
956 3978 994 4017 ne
1007 3959 1047 4017 lui
1061 3957 1198 4017 survecut
1216 3975 1265 4035 pas

199 4053 236 4111 de
248 4051 411 4133 beaucoup.
