2946 5070
575 489 687 546 LIBER
716 485 906 548 SEPTIMUS.
1209 487 1267 543 tlt

553 756 683 826 CAPIT
687 756 811 824 ULUM
838 756 914 824 Vll.

200 958 351 1029 Quomon
361 979 377 1014 a
387 958 455 1014 duce
467 958 579 1012 Austrire
590 958 681 1012 civitas
689 955 862 1030 ijecteusis
873 956 977 1008 obsessa
991 954 1051 1022 fuit,
1063 966 1089 1008 et
1102 953 1136 1007 de
1145 922 1187 1007 hie
1197 973 1266 1025 que,

489 1040 603 1097 durante
620 1040 770 1109 obsidionej
781 1041 950 1112 contigerunt
963 1041 984 1093 ¹.

253 1226 333 1295 Non
355 1221 509 1294 mullum
531 1231 617 1291 vero
640 1234 738 1317 post,
765 1204 859 1291 circa
885 1217 1108 1290 festivitatem
1136 1219 1267 1290 Nativi-

202 1338 283 1411 tatis
299 1338 395 1410 beati
415 1336 590 1409 lobannis
608 1336 768 1434 Baptislae
781 1339 809 1424 ²,
834 1335 1085 1407 illustrissimus
1104 1336 1268 1434 princeps

202 1453 480 1543 Maximiliauus,
499 1451 572 1524 dux
591 1451 751 1542 Austriae,
766 1450 991 1548 'compatiens
1005 1451 1163 1549 piissimo
1179 1477 1269 1550 pon·

201 1567 307 1661 tifici,
323 1569 384 1667 qui
402 1569 485 1641 sica
502 1565 740 1658 Clivensibus,
757 1565 920 1638 hostibus
934 1567 1041 1638 ctiam
1053 1568 1140 1655 suis,
1156 1567 1269 1642 suerat

200 1687 465 1780 circumventus
479 1699 515 1756 el
530 1700 654 1782 c'aplus
668 1683 790 1782 (quem
807 1685 872 1782 ipsi
891 1683 936 1756 de
950 1683 1111 1780 Trajeclo
1131 1689 1269 1758 Amers·

201 1800 356 1873 fordiam
382 1802 697 1898 transportarunt',
722 1824 767 1871 ne
795 1799 883 1872 sorte
911 1798 960 1871 ob
975 1798 1095 1897 ipsius
1112 1824 1269 1898 ‚pressen-

200 1917 289 1989 tiam
304 1917 412 2012 aliqui
424 1918 461 1988 in
474 1916 615 1987 civitate
627 1939 682 1986 res
694 1916 938 1987 novas'moliri
953 1915 1265 2013 aggrederentur),

200 2033 354 2106 collecto
370 2032 490 2105 valido
507 2033 662 2104 exercitu
679 2032 817 2103 circiter
830 2031 877 2104 ad
892 2031 966 2103 duo
979 2032 1089 2104 millia
1108 2033 1268 2130 equitum

200 2163 237 2221 et
251 2138 383 2221 decem
407 2163 470 2220 aut
492 2148 686 2221 duodecim
705 2148 815 2220 millia
839 2146 1018 2246 peditum,
1046 2149 1160 2246 ipsam
1181 2150 1268 2222 civi·

200 2278 312 2338 tatem
337 2265 525 2338 obsidione
557 2266 667 2338 cinxit
691 2281 727 2338 et
751 2265 910 2360 vallavit,
945 2290 1020 2337 non
1050 2266 1196 2363 quidem
1224 2293 1267 2341 ex

201 2382 303 2454 omni
336 2398 455 2482 parte,
486 2382 549 2453 sed
574 2406 617 2453 ex
647 2406 691 2455 ea
719 2383 874 2454 maxime
900 2382 998 2454 unde
1027 2382 1179 2456 obsessis
1211 2385 1268 2457 vel

200 2520 360 2570 annouae-
388 2498 563 2586 subsidia,
602 2499 657 2570 vel
695 2523 881 2571 succursus
919 2499 1044 2572 solatia
1079 2501 1268 2598 provenire

200 2615 414 2714 potuissent.
454 2617 459 2631 '
636 2615 641 2626 '

251 2730 409 2803 Admotis
438 2745 558 2803 autem
596 2732 643 2803 ad
675 2730 807 2803 moe'uia
835 2747 870 2803 et
904 2747 1018 2804 turres
1052 2733 1268 2828 dejiciendas

200 2847 363 2944 petrariis
384 2836 427 2919 uc
443 2845 597 2938 balistis,
620 2848 898 2948 maguammuri
918 2862 1056 2946 partem
1072 2848 1167 2921 circa
1182 2874 1267 2948 por-

202 2977 295 3055 tam,
328 2988 407 3060 quae
441 2963 559 3034 vicina
584 2977 637 3033 est
661 2963 877 3034 monasterio
913 2963 1156 3059 religiosarum
1189 2991 1266 3062 quae

201 3079 310 3174 vulgo
327 3078 420 3151 Alhae
437 3079 599 3177 Dominae
615 3091 802 3167 vocantur,
822 3077 960 3173 dejecit.
983 3079 1091 3166 Quod
1109 3080 1268 3155 videntes

203 3195 461 3293 Eughelberlus
496 3193 722 3285 domicellus,
760 3193 927 3267 dominus
957 3195 1002 3268 de
1036 3203 1210 3297 Monlsort
1232 3216 1267 3272 et

201 3310 261 3382 alii
292 3311 354 3407 qui
379 3311 415 3380 in
437 3309 578 3382 civitate
599 3324 717 3396 erant,
740 3322 776 3378 et
796 3333 860 3405 per
884 3327 1123 3408 campartem
1145 3315 1266 3386 civita-

201 3439 273 3496 tem
310 3426 504 3523 expugnari
524 3438 739 3512 metuentes,
759 3423 852 3495 dato
877 3426 927 3497 eis
949 3451 1074 3500 securo
1104 3453 1262 3524 accessu,

201 3541 320 3640 ipsum
358 3542 634 3614 illustrissimum
676 3538 865 3611 dominum
908 3541 1037 3614 ducem
1079 3543 1263 3638 adierunt,

201 3658 379 3757 supplices
409 3657 456 3730 ab
490 3682 534 3728 eo
566 3681 692 3755 pacem
728 3656 894 3753 petituri,
926 3656 1202 3757 obtuleruntque
1229 3685 1266 3732 se

202 3773 424 3848 deditionem
447 3773 620 3865 facturos,
648 3772 676 3844 si
704 3771 754 3842 eis
785 3787 906 3864 certor,
932 3797 1020 3870 quas
1047 3773 1262 3872 poscebant,

243 3956 273 4010 l.
295 3948 431 4028 Chapitre
448 3935 581 4027 inuitum}
602 3947 674 4006 dans
686 3947 736 4009 {es
758 3951 896 4005 Analecta
920 3948 956 4007 de
975 3947 1125 4007 Mattheus
1146 3961 1176 4006 et
1194 3948 1265 4008 dans

202 4045 407 4121 l'Amplissima
420 4046 555 4100 collectio.

242 4141 273 4200 2.
296 4138 350 4198 rin
363 4137 400 4196 de
411 4137 475 4210 juin
490 4140 581 4195 tull.

245 4238 274 4293 3.
298 4237 372 4311 Voy.
387 4231 525 4292 cidessus
539 4247 592 4310 ,'p.
610 4233 685 4302 153,
699 4240 768 4287 note
784 4232 814 4286 2.
