2946 5070
548 502 686 560 stans
709 502 902 563 samatus.
1207 506 1260 563 l'll

248 637 332 706 llaec
346 649 420 707 erat
431 635 620 708 clementia
635 659 746 732 quam
761 636 859 734 apud
878 662 962 709 eum
974 638 1150 736 supplices
1167 636 1265 707 inve·

198 751 360 823 niebant.
385 755 436 823 Ex
456 752 512 824 his
533 753 712 852 pecuniis,
737 753 788 825 sic
811 778 854 826 ex
874 755 1046 851 sanguine
1067 765 1287 853 pauperum·

198 869 357 958 extortis,
376 892 457 940 suas
477 868 682 965 largitiones
705 868 877 964 faciebat,
906 895 1035 968 easque
1059 885 1132 943 tam
1158 884 1268 942 teme·

199 986 310 1057 rarias
323 999 359 1057 ct
369 984 635 1078 immoderatas,
654 998 695 1057 ut
707 986 870 1084 plurimis
888 987 1019 1060 nullius
1034 1011 1181 1085 prorsus
1197 1011 1268 1059 me-

198 1103 271 1192 riti,
294 1103 357 1176 sed
381 1103 460 1175 vilis
488 1101 706 1175 conditionis
726 1103 936 1176 hominibus
954 1128 1102 1201 magnas
1123 1103 1267 1203 pensio·

198 1238 264 1289 nes
289 1215 476 1295 annuatim
499 1214 747 1307 constituerem
762 1214 820 1287 vel
838 1213 884 1288 de
903 1216 1012 1314 regali
1034 1214 1266 1315 patrimonio,

198 1323 351 1425 dequo,
374 1327 404 1398 si
422 1325 516 1422 juste
541 1326 640 1425 regni
663 1318 949 1415 moderationem
971 1321 1267 1421 administrasset,

200 1437 382 1511 debuisset
400 1438 532 1528 vivere,
556 1437 816 1535 pulcherrimas
842 1437 1027 1537 portiones
1048 1438 1180 1537 passim
1202 1438 1272 1512 do·

199 1564 304 1625 naret
325 1566 432 1648 atque
454 1551 656 1624 alienaret¹.
678 1548 782 1623 Unde
800 1551 837 1622 in
856 1550 1084 1625 'Normannia
1102 1576 1270 1647 magnam

200 1678 340 1763 partem
355 1663 670 1735 vicecomitatuum
679 1666 702 1754 ¹,
722 1660 907 1762 inquibus
922 1664 1083 1736 consistit
1098 1664 1270 1764 patrimo·

201 1780 306 1851 nium
323 1778 457 1876 regale,
480 1780 586 1853 variis
603 1794 638 1851 et
653 1778 801 1853 diversis
818 1778 986 1871 donarit,
1005 1794 1041 1852 et
1056 1779 1216 1853 similiter
1233 1782 1270 1853 iu

202 1894 281 1966 aliis
293 1895 392 1992 regni
402 1891 565 1994 partibus
581 1892 680 1985 lecit3
696 1894 859 1991 quamvis
874 1894 989 1986 initio,
1008 1920 1091 1967 cum
1101 1896 1138 1967 in
1152 1920 1270 1994 regem

202 2011 373 2086 inunctus
394 2024 430 2083 ct
450 2025 614 2109 receptus
633 2010 716 2100 fuit,
732 2011 826 2083 inter
842 2010 911 2084 alia
930 2012 1086 2111 capitula
1102 2038 1181 2111 quae
1199 2038 1270 2086 ser·

201 2139 348 2200 vaturos
357 2150 395 2215 se
409 2126 485 2200 lore
501 2150 601 2223 reges
604 2128 726 2225 jurare
740 2126 856 2200 solent
867 2126 1020 2200 solemni
1033 2145 1269 2221 sacramento,

202 2242 424 2344 promisisset
450 2244 708 2342 patrimonium
736 2243 811 2317 sive
838 2242 1042 2317 dominium
1065 2270 1170 2319 suum
1196 2270 1270 2317 non

202 2357 377 2454 alienare,
401 2359 465 2432 sed
481 2362 665 2456 integrum
677 2385 838 2455 servare,
855 2370 897 2433 'ac
913 2358 958 2434 de
975 2361 1104 2435 eodem
1120 2362 1272 2437 alienata

204 2473 252 2546 ad
264 2475 322 2572 jus
338 2500 482 2548 coronae
497 2500 678 2549 revocare.
698 2477 815 2574 Atqui,
836 2492 875 2549 ut
890 2478 989 2580 apud
1004 2479 1179 2575 tragicum
1193 2481 1271 2578 qui·

205 2584 291 2664 dam
304 2591 428 2664 similis
445 2591 519 2665 ait:
1239 2593 1241 2598 '

436 2759 591 2825 Sanctitas
603 2807 612 2842 ,
626 2761 746 2849 pietas,
770 2761 849 2827 fides
889 2803 894 2811 ·

257 2862 261 2873 '
296 2862 419 2926 Privata
436 2862 523 2927 bona
536 2878 628 2944 sunt,
647 2886 711 2951 quo
722 2866 811 2950 juvat
824 2888 913 2955 reges
928 2880 1020 2945 eant;
1097 2908 1099 2913 -

257 3030 301 3099 Et
316 3028 413 3122 item,

401 3182 499 3267 Quod
514 3136 598 3264 tovi,=
615 3186 679 3250 noc
695 3187 760 3279 regi
777 3186 893 3277 picem

208 3356 415 3452 nullamque
447 3354 505 3430 vel
535 3356 782 3454 permodicam
811 3357 856 3429 de
883 3359 1101 3457 patrimonio
1123 3362 1178 3432 vel
1211 3361 1275 3434 do·

208 3472 323 3543 minio
336 3496 402 3542 suo
419 3465 688 3546 aestimationem
693 3473 869 3571 faciebat,
885 3474 947 3549 sed
961 3477 1078 3549 solum
1092 3477 1275 3574 vectigalia

208 3599 245 3657 et
259 3582 425 3659 collectas
439 3583 478 3655 in
495 3585 610 3682 pretio
627 3601 663 3657 et
677 3587 908 3662 aestimatione
924 3587 1058 3664 habere
1069 3588 1271 3665 videbatur.

250 3797 281 3853 l.
301 3796 356 3852 lls.
369 3795 492 3862 demta!
506 3807 593 3870 atque
603 3800 758 3855 alienarat.

249 3889 280 3946 2.
302 3889 344 3945 1ae
356 3887 493 3959 sinomte,
510 3890 709 3966 representem
722 3889 758 3949 de
771 3889 913 3950 l’autorite
928 3890 1068 3970 publique
1081 3891 1154 3951 dnm
1169 3893 1210 3951 les
1224 3912 1274 3972 pe·

210 3981 275 4043 litu
288 3982 369 4042 villes
383 3984 420 4042 de
432 3985 625 4059 Normandie,
643 3987 712 4047 etait
725 3991 743 4046 l
756 3987 783 4046 la
796 3987 850 4047 lois
860 3987 947 4067 juge,
961 3987 1156 4048 commissum
1169 3987 1206 4047 de
1221 4008 1273 4067 po

208 4074 280 4147 lioe,
300 4092 388 4155 agent
404 4099 498 4158 rnyer
513 4094 543 4139 et
560 4100 699 4141 receveur
717 4081 757 4140 du
770 4081 914 4141 domairac.
937 4081 1039 4141 C'etait
1057 4102 1097 4141 un
1122 4083 1207 4142 office
1224 4082 1275 4161 qui

209 4168 394 4243 s'affermait3
408 4173 450 4232 les
461 4173 631 4235 alienatious
649 4175 719 4235 dont
740 4194 772 4235 se
785 4175 876 4254 plaint
891 4175 1016 4236 l’autcur
1027 4176 1171 4256 portaicnt
1184 4195 1234 4237 sur
1247 4176 1275 4237 le

211 4280 322 4325 meru
332 4262 371 4323 de
385 4264 414 4325 la
426 4266 527 4328 tame.
