2946 5070
198 522 256 581 rso
472 503 729 578 nuromsaun
749 510 927 575 nunoucr
947 516 990 574 xr

198 653 355 728 accessit.
378 651 566 724 inveniens
587 663 706 721 autem
722 647 873 720 ducem¹
891 660 927 720 et
943 648 1175 721 domicellum
1191 652 1257 722 En-

198 769 421 869 ghelbertum
444 766 636 859 declivis,
659 765 803 838 fratrem
829 768 968 857 suum',
991 791 1103 866 quem
1121 768 1260 866 tyranni

198 888 347 962 civitatis
371 888 408 959 in
429 909 534 958 suum
554 883 652 956 velut
664 879 853 955 dominum
870 885 1077 958 invexerant
1095 885 1260 961 adversus

198 1030 303 1078 suum
317 1001 539 1104 pontificem,
555 1025 691 1101 pronos
706 1016 741 1073 et
757 1000 875 1074 faciles
891 1001 937 1073 ad
952 1001 991 1075 id
1005 1003 1106 1101 quod
1121 1004 1260 1079 allecta·

197 1112 538 1219 batperirciendum,
547 1116 714 1190 eumdem
724 1115 975 1208 domicellum,
992 1121 1147 1218 acceptis
1161 1121 1262 1219 quin·-

198 1237 312 1334 gentis
341 1250 403 1308 aut
427 1233 599 1306 sexcentis
623 1231 797 1320 rutheris,
828 1257 849 1305 e
874 1233 1005 1333 quibus
1021 1236 1142 1336 plures
1164 1251 1262 1311 erant

109 1371 113 1381 ·
199 1352 279 1451 qui,
301 1351 441 1423 civitate
462 1350 584 1448 ejecti,
606 1347 674 1422 sub
695 1348 827 1422 eodem
841 1350 1033 1426 domicello
1053 1364 1089 1425 et
1106 1354 1261 1452 tyrannis

200 1468 351 1542 civitatis
368 1467 438 1540 illic
455 1490 523 1565 pro
540 1466 704 1565 praesidio
721 1466 887 1539 collocati
903 1464 1055 1562 fuerant,
1074 1469 1261 1542 Amemior·

200 1587 298 1658 diam
320 1583 481 1657 adduxit.
509 1587 592 1672 Quo
608 1581 646 1654 in
662 1581 745 1655 loco
760 1606 826 1682 per
847 1583 983 1683 aliquot
1005 1583 1081 1657 dies
1099 1611 1260 1685 repausa·

200 1703 269 1797 vit,
298 1702 485 1801 explorans
514 1725 579 1800 per
604 1698 818 1796 translugas,
846 1701 909 1799 qui
933 1699 1152 1800 implacabili
1182 1702 1262 1776 odio

201 1842 306 1892 suum
331 1814 516 1890 habebant
533 1814 761 1918 episcopum,
790 1816 905 1915 qualis
928 1817 999 1890 illic
1024 1816 1179 1892 militum
1205 1844 1263 1893 seu

202 1937 433 2008 ruthenorum
448 1957 589 2024 manus,
608 1933 722 2031 qualis
733 1934 771 2005 in
786 1935 897 2005 muris
909 1948 944 2005 et
958 1934 1071 2034 portis
1084 1934 1260 2042 custodia,

203 2053 396 2152 qualesque
412 2067 601 2151 agerentur
616 2066 800 2124 nocturnae
815 2048 953 2146 vigiliae.

254 2170 298 2237 Et
321 2165 506 2265 praefatum
528 2164 674 2263 quidem
697 2164 976 2263 Enghelbertum
997 2190 1082 2241 cum
1098 2169 1263 2267 praedicto

205 2283 359 2354 ilenrico
391 2282 437 2355 de
465 2281 630 2356 Nz‘evelde
657 2297 694 2355 et
717 2306 784 2377 ea,
814 2307 924 2382 quam
953 2284 1130 2379 diximus,
1159 2307 1264 2358 manu

206 2397 478 2471 Amerslordiam
501 2399 710 2471 adventasse
733 2424 808 2473 non
831 2399 1009 2497 ignoravit
1034 2400 1116 2499 pius
1150 2402 1265 2500 ponti·

206 2515 281 2606 fex3
310 2515 408 2588 unde
436 2514 586 2588 adscivit
611 2517 749 2589 circiter
777 2516 942 2589 rutheros
971 2517 1168 2611 ducentos,
1195 2543 1265 2616 quo

205 2631 328 2702 civitas
349 2632 459 2703 tutior
476 2630 695 2704 redderetur.
719 2637 762 2705 Et
783 2656 826 2705 ea
847 2633 970 2729 utique
988 2656 1117 2704 manus
1143 2633 1190 2705 ad
1212 2649 1265 2705 tu·

206 2747 354 2820 tandum
377 2747 556 2819 civitatem
578 2747 740 2819 sufficere
765 2750 958 2848 potuisset,
980 2750 1009 2820 si
1031 2752 1267 2823 communita⁸

207 2878 245 2946 et
260 2887 325 2962 per
341 2887 467 2935 omnes
482 2862 600 2937 aditus
615 2864 732 2964 platea
749 2865 917 2958 civitatis,
935 2887 1015 2961 quae
1030 2879 1082 2937 est
1099 2880 1184 2938 ante
1206 2865 1266 2939 do·

209 3006 309 3054 mum
335 2982 564 3076 consulatus,
588 2983 705 3056 cincta
726 2981 847 3054 fuisset
866 2980 1043 3082 repagulis
1069 2997 1105 3055 et
1130 3007 1268 3081 serpen·

208 3098 313 3186 tinis,
331 3111 438 3195 prout
458 3123 539 3170 eam
554 3100 680 3197 saepius
695 3099 857 3195 tyranni,
878 3099 1054 3170 anteriore
1070 3124 1142 3171 suae
1156 3115 1269 3197 tyran·

210 3212 303 3285 nidis
327 3228 507 3312 tempore,
530 3216 755 3307 munierant,
776 3214 832 3287 vel
850 3215 957 3287 etidhr
973 3215 1096 3311 vigiles
1111 3230 1223 3287 noctu
1234 3217 1269 3286 in

211 3328 405 3424 moenibus,
436 3331 594 3403 turribus
625 3347 663 3403 et·
681 3322 801 3434 portis
823 3355 974 3403 numero
1000 3326 1190 3406 sufficienti
1213 3358 1270 3406 ex·

211 3447 389 3517 stitissent.
410 3446 497 3540 Sed,
520 3447 631 3541 heus,
661 3444 903 3547 prohdolor!
933 3472 999 3520 nec
1030 3446 1127 3522 dicta
1157 3446 1270 3548 platea

212 3559 428 3635 sufficienter
452 3563 539 3636 fulta
556 3564 742 3662 pracsidio,
763 3565 885 3636 necin
906 3564 1033 3657 muris,
1056 3589 1119 3636 seu
1137 3565 1269 3638 incuria

212 3693 247 3750 et
269 3680 482 3777 negligentia
504 3680 635 3755 civium
659 3683 721 3779 qui
739 3682 845 3753 nimis
860 3695 993 3753 temere
1012 3696 1048 3753 et
1067 3682 1156 3756 salso
1172 3709 1269 3756 secu·

211 3796 351 3868 ritatem
376 3795 442 3868 sibi
466 3799 502 3868 in
526 3798 580 3869 sui
599 3797 778 3897 pontificis
792 3799 976 3897 praesentia
991 3800 1267 3898 promittebant,

211 3939 272 3984 seu
299 3913 571 4009 malignantium
598 3911 738 4008 fraude,
765 3940 920 4012 quorum
949 3914 1067 3987 adhuc
1089 3916 1209 4013 plures
1235 3917 1270 3988 in

251 4086 279 4140 l.
302 4086 374 4139 Jean
389 4083 417 4139 11
431 4080 594 4140 deuteres.

251 4178 281 4233 2.
304 4174 453 4232 Mattheus
466 4177 547 4232 ducis
556 4175 689 4253 fratrem.

252 4271 280 4327 3.
303 4268 354 4330 Sic
367 4268 534 4342 llatthaeus3
548 4270 602 4326 sed
612 4288 673 4325 cum
688 4274 797 4326 munita
812 4281 842 4326 et
853 4266 925 4328 dans
936 4269 964 4328 le
978 4289 1033 4331 ms.
