2946 5070
570 481 680 537 trouu
699 480 888 538 SEPTIMUS.
1195 487 1260 544 tat

201 625 357 683 crustam
378 611 494 705 magni
522 609 667 706 pastilli,
689 609 846 682 oblatam
871 609 936 682 sibi
961 612 1008 685 ab
1034 639 1108 686 uno
1134 615 1260 711 insigni

202 726 328 798 bibulo
367 728 449 797 vino
482 726 649 823 plenam,
684 751 833 799 vacuam
867 729 1029 825 protinus
1066 729 1261 805 reddidisse

202 842 373 914 exhausto
396 867 418 913 a
445 866 482 914 se
505 842 589 912 vino
611 868 619 912 :
639 842 738 937 quod
764 844 847 914 satis
868 842 1027 938 judicare
1057 847 1172 944 potuit
1195 849 1261 920 viri

205 957 473 1054 temperantiam
487 970 522 1026 et
537 958 742 1051 gravitatem
755 960 779 1047 ¹,
800 981 845 1027 ne
861 957 1043 1031 stultitiam
1059 959 1221 1033 dixerim.

252 1077 324 1144 Nec
338 1098 424 1144 vero
450 1086 651 1169 temperans
673 1087 773 1169 pater
794 1073 1022 1146 solummodo
1049 1074 1114 1146 suit
1136 1076 1207 1155 cibi
1228 1094 1263 1149 et

201 1204 326 1287 potus,
351 1188 413 1260 sed
430 1202 465 1259 et
486 1188 658 1260 sermonis
680 1201 715 1258 et
735 1187 874 1282 linguae.
909 1191 1018 1262 Rarus
1034 1191 1130 1263 enim
1148 1217 1263 1265 sermo

200 1305 277 1401 ej'us
293 1321 368 1377 erat
387 1320 423 1376 et
437 1305 605 1399 gravitate
625 1302 812 1397 conditus3
837 1328 944 1401 quem
965 1306 1028 1378 etsi
1050 1307 1261 1404 aliquand0,

201 1421 453 1494 oblectamenti
490 1421 619 1515 gratia,
649 1421 741 1491 inter
775 1419 962 1493 familiares
1002 1420 1069 1492 sibi
1100 1423 1265 1496 homines

201 1536 247 1608 ad
257 1543 362 1634 jocos
377 1550 413 1607 et
425 1535 514 1607 sales
527 1532 725 1618 relaxabat,
741 1534 780 1605 hi
797 1535 904 1606 attico
914 1536 986 1607 sale
1003 1536 1157 1630 conditi,
1176 1539 1263 1609 nihil

201 1652 419 1738 obscenum,
449 1652 539 1723 nihil
564 1667 667 1750 turpe
688 1650 745 1722 vel
765 1651 995 1726 inhonestum
1029 1668 1091 1725 aut
1120 1654 1266 1726 scurrile

199 1769 342 1867 penitus
355 1766 592 1858 resonabant,
611 1766 674 1838 sed
691 1766 789 1863 quod
808 1766 915 1838 etiarn
932 1769 1093 1864 gravium
1106 1770 1264 1841 vir-rrum

199 1904 304 1954 aures
320 1882 521 1954 demulcere
534 1883 744 1977 animosque
761 1903 920 1952 recreare
935 1883 1062 1952 merito
1078 1883 1261 1979 potuisset.

200 1997 309 2068 Filius
333 2022 417 2069 vero
442 2012 607 2069 econtra
630 1996 791 2091 linguam
812 1995 988 2068 refrenare
1011 1998 1161 2071 omnino
1190 2025 1263 2073 non

200 2127 339 2213 poterat
353 2142 362 2204 ;
385 2129 420 2186 et
436 2116 536 2211 quia,
562 2129 602 2185 ut
615 2113 762 2211 Sapiens
773 2113 841 2204 ait,
862 2142 880 2180 a
897 2115 934 2183 in
949 2114 1175 2212 multiloquio
1188 2140 1263 2188 non

201 2229 313 2302 deerit
331 2246 535 2328 peccatum,
560 2261 576 2296 a
598 2230 800 2326 frequenter
820 2229 1006 2303 eveniebat
1031 2245 1070 2302 ut
1094 2232 1132 2302 in
1154 2233 1264 2305 verba

200 2344 466 2425 detractationis
495 2343 541 2416 de
567 2343 801 2444 absentibus,
827 2344 933 2415 etiam
966 2346 1103 2440 magnis
1134 2348 1265 2443 princi·

201 2459 324 2559 pibuS,
348 2475 475 2533 rueret.
496 2460 584 2549 Qui,
603 2460 716 2531 relatu
737 2460 995 2532 nonnullorum
1014 2460 1263 2558 hujuscemodi

201 2576 499 2649 detractationum
528 2591 563 2649 et
587 2575 804 2674 probrorum
829 2576 946 2648 verbis
969 2576 1101 2649 discitis
1129 2593 1164 2649 et
1198 2604 1262 2652 au·

201 2692 302 2785 ditis,
328 2693 365 2763 in
390 2718 474 2764 euru
495 2693 781 2766 malevolentiam
806 2707 842 2764 et
860 2692 1061 2765 inimicitias
1081 2695 1261 2793 concipie-

200 2804 302 2880 bant.
329 2806 494 2880 Obscena
514 2808 621 2880 etiam
638 2823 673 2880 et
688 2808 806 2905 turpia
825 2822 931 2904 atque
953 2807 1111 2879 scurrilia
1135 2811 1261 2907 saepius

201 2936 238 2994 et
264 2948 362 3021 paene
383 2923 522 2995 assidue
549 2924 689 3019 exejus
715 2948 777 2994 ore
799 2923 994 2996 manabant
1018 2922 1145 3012 verba,
1171 2925 1260 2997 nibil

202 3039 398 3112 redolentia
416 3040 597 3135 gravitatis¹
610 3053 645 3110 et
663 3039 863 3136 sapientiae3
887 3054 927 3110 ut
947 3040 1074 3110 merito
1094 3039 1181 3111 illud
1198 3044 1259 3113 Sa·

202 3155 350 3254 pientis,
378 3156 414 3225 in
434 3156 505 3228 suis
524 3155 740 3246 Proverbiis,
767 3154 834 3227 sibi
861 3156 1051 3227 convenire
1076 3154 1260 3252 decoque

202 3270 273 3344 dici
287 3274 456 3369 potuisset
479 3299 487 3342 2
511 3300 529 3340 n
545 3275 595 3344 Os
608 3271 787 3344 fatuorum
798 3271 923 3345 ebullit
939 3272 1133 3344 stultitiam.
1156 3302 1174 3340 n

254 3391 355 3459 Pater
367 3389 556 3487 prudentia
571 3402 607 3459 ct
620 3414 763 3460 morum
778 3389 962 3460 honestate
982 3388 1166 3482 insignitus
1180 3388 1255 3461 init.

203 3502 311 3589 Quod
322 3504 405 3575 satis
418 3504 555 3600 liquido
573 3503 719 3599 intelligi
735 3517 870 3602 potest,
890 3501 1007 3600 quod,
1025 3527 1107 3574 cum
1126 3504 1261 3577 adoles·

203 3641 287 3689 cens
312 3618 430 3689 adhuc
453 3645 601 3715 regnum
623 3620 831 3717 susciperet,
861 3633 959 3717 patre
984 3643 1050 3689 suo
1076 3619 1112 3688 in
1137 3634 1172 3689 et
1193 3618 1260 3690 sub

204 3746 374 3830 potestate
387 3735 577 3831 Anglorum
593 3748 628 3805 et
645 3734 937 3830 Burgundionum
957 3733 1029 3805 vita
1045 3733 1185 3824 functo,
1199 3735 1261 3830 qui
1312 3738 1315 3744 '

204 3849 301 3943 regni
324 3850 502 3947 potiorem
532 3865 568 3921 et
593 3849 830 3922 robustiorem
855 3849 1080 3949 occupabant
1104 3863 1258 3946 partem,

204 3963 337 4037 nedum
353 3966 496 4063 pondus
510 3965 594 4037 belli
607 3981 788 4038 tantorum
804 3979 947 4060 tamque
964 3962 1164 4035 validorum
1179 3963 1263 4035 hos·

247 4201 276 4256 l.
299 4197 395 4258 Plutdt
406 4220 460 4275 quo
473 4206 543 4257 satis
550 4201 729 4274 judicari...
745 4205 947 4275 temperantia,
963 4210 1019 4268 etc,

304 4315 340 4353 ur
1068 4295 1106 4352 ld
