2946 5070
321 425 359 481 3¹·
594 421 851 481 fflsromauuu
869 421 1048 480 nuuovtct
1066 421 1110 476 x1

320 555 617 647 Tomacensibus,
637 579 699 628 eos
714 555 764 626 sic
778 553 910 625 abduci
932 550 1215 652 inspicientibus,
1236 552 1381 651 plurimi

322 674 413 745 risus
425 688 461 745 et
475 669 617 744 ludibrii
627 670 824 762 materiam,
835 669 1018 765 multaque
1027 665 1162 768 probra
1176 682 1286 767 atque
1300 695 1385 742 con·

321 790 483 860 tumelias
492 788 529 858 in
539 787 740 887 Flamingos
755 785 928 883 jaciendi,
944 785 1060 859 attulit
1069 799 1105 857 et
1120 783 1286 885 praebuit.
1305 790 1385 857 Per-

321 902 489 975 diderunt
505 918 626 976 autem
639 918 674 974 et
688 902 755 1001 ipsi
768 901 939 998 Flamingi
953 915 1039 972 tunc
1056 900 1241 974 machinas
1253 902 1385 974 multas

319 1019 437 1092 bellici
449 1021 691 1112 instrumenti,
711 1043 800 1115 quas
811 1021 918 1091 etiam
927 1018 995 1117 ipsi
1004 1004 1131 1090 Franci
1140 1015 1380 1090 abduxerunt.

314 1138 385 1224 Qui
401 1153 522 1210 autem
548 1136 680 1209 residui
699 1135 842 1206 fuerunt
857 1158 901 1205 ex
917 1133 1184 1229 Flamingorum
1204 1136 1380 1227 exercitu,

315 1253 353 1323 in
375 1254 522 1352 propria
546 1238 621 1325 sese
646 1263 874 1348 receperrmt,
898 1274 964 1321 nec
987 1248 1169 1322 audebant
1197 1275 1261 1349 per
1288 1251 1384 1322 mul-

316 1382 372 1439 tos
390 1366 467 1439 dies
483 1368 577 1439 exire
598 1366 744 1439 obviam
768 1365 924 1459 Francis,
946 1365 995 1437 ita
1015 1365 1137 1437 animo
1165 1367 1383 1440 consternati

316 1465 522 1557 manebani.

365 1604 407 1672 Et
421 1600 583 1699 profecto
600 1599 629 1670 si
644 1624 706 1670 rex
729 1612 817 1670 tunc
833 1600 1018 1698 temporis,
1045 1599 1184 1670 cunctis
1204 1599 1256 1671 ita
1271 1614 1384 1672 exter·

315 1718 391 1789 ritis
409 1718 505 1815 (post
536 1715 668 1789 scilieet
694 1714 944 1812 hujuscemodi
972 1714 1127 1788 Atrebati
1153 1729 1190 1787 et
1216 1714 1382 1814 oppiduli

316 1834 471 1905 breonis
479 1833 793 1931 expugnationem,
810 1831 1147 1928 Flamiugorumque
1158 1831 1382 1929 profligatio·

316 1946 427 2042 nem),
439 1970 522 2016 cum
530 1944 656 2044 copiis,
664 1969 753 2041 quas
764 1957 850 2015 tunc
862 1945 1033 2016 maximas
1048 1941 1219 2034 habebat,
1231 1957 1268 2015 et
1280 1941 1383 2015 belli·

315 2062 371 2133 cis
380 2061 623 2133 instrumentis
641 2060 889 2132 incunctanter
905 2074 1011 2155 atque
1028 2059 1175 2132 viriliter
1199 2081 1384 2155 aggressus

314 2178 433 2250 suimet
444 2192 555 2250 terras
563 2176 751 2270 Flandriae,
761 2177 961 2249 Hannoniae
969 2191 1076 2274 atque
1084 2175 1295 2268 Brabantiae,
1307 2177 1384 2248 uul-

312 2293 369 2365 lus
381 2294 428 2365 ad
437 2293 693 2392 opponendam
700 2292 836 2365 viribus
847 2295 919 2365 suis
933 2294 1166 2366 resistentiam
1178 2294 1380 2389 cogitasset,

314 2410 377 2483 sed
391 2412 586 2508 quaesiisset¹
597 2412 635 2482 in
660 2412 806 2509 singulis
820 2411 975 2510 oppidis,
994 2412 1307 2511 appropinquante
1335 2411 1382 2482 ad

314 2553 377 2600 eos
390 2529 563 2620 exercitu,
585 2553 674 2625 quas
689 2527 895 2600 melioribus
908 2527 1070 2600 obtinere
1084 2528 1282 2626 potuissent
1296 2526 1382 2624 legi·

315 2640 384 2737 bus
402 2657 437 2714 et
450 2642 718 2715 conditionibus
735 2644 866 2741 passim
884 2641 1104 2715 deditionem
1121 2642 1249 2715 lacere.
1271 2646 1383 2716 Erant

316 2759 449 2857 quippe
471 2773 559 2830 tuuc
587 2757 766 2856 acephali,
790 2773 826 2829 et
847 2782 948 2856 paene
969 2758 1045 2855 jam
1067 2773 1141 2830 tam
1158 2756 1204 2828 de
1221 2756 1381 2830 adventu

229 2858 236 2871 ⁵
316 2872 539 2971 imperatoris
554 2898 664 2970 quam
678 2871 740 2944 filii
759 2873 813 2945 sui
831 2872 1077 2970 desperantes,
1097 2897 1142 2944 eo
1159 2871 1260 2969 quod
1277 2873 1382 2946 multi

315 2989 532 3060 transiissent
549 3013 688 3060 menses
701 3003 909 3087 postquam,
925 2989 1026 3085 juxta
1046 2986 1321 3085 pollicitationes
1346 3004 1383 3062 et

317 3106 571 3200 promissiones
599 3105 726 3204 saepius
755 3119 792 3176 et
820 3102 1034 3177 creberrime
1063 3104 1114 3176 eis
1142 3103 1272 3198 lactas,
1304 3105 1381 3202 jam

317 3218 526 3291 adventasse
546 3217 757 3290 debuerant.
787 3223 858 3290 Nec
883 3218 1043 3316 prolecto
1069 3218 1114 3290 de
1137 3218 1300 3318 parando
1324 3246 1381 3293 re·

318 3333 439 3406 medio
459 3348 585 3407 contra
604 3359 846 3431 aggressuram
867 3335 958 3430 regis
978 3350 1013 3405 ct
1034 3335 1223 3407 imminens
1244 3335 1380 3409 eisdem

271 3496 283 3517 .
317 3450 535 3547 periculum,
561 3449 698 3548 aliquid
719 3451 994 3552 disponebant¹;
1021 3451 1084 3524 sed
1108 3451 1241 3549 ubique
1269 3452 1381 3526 ferme
1418 3506 1422 3525 .

317 3589 360 3637 ac
373 3590 437 3663 per
448 3566 641 3660 insigniora
654 3566 836 3664 potissime
851 3590 1001 3662 quaeque
1015 3564 1165 3666 oppida,
1180 3567 1274 3637 cives
1287 3567 1380 3639 inter

317 3704 355 3751 se
382 3695 416 3749 et
440 3679 571 3778 plebeii
596 3680 785 3753 adversum
813 3676 1035 3754 nobilitatem
1057 3680 1249 3754 seditiones
1272 3697 1379 3778 atque

261 3880 265 3885 Ι
317 3794 511 3885 simultates
536 3795 760 3869 exercebant.

368 3915 447 3982 Nou
462 3912 580 4007 itaque
600 3911 743 3985 difficile
765 3927 840 3985 erat
856 3914 943 4008 regi,
965 3914 1073 3987 tanus
1092 3913 1239 4012 prodito
1264 3914 1378 4013 copiis

356 4157 386 4216 l.
409 4153 582 4232 Disponebat
597 4156 669 4213 dans
683 4155 710 4213 le
723 4174 777 4216 ma.
