2946 5070
506 476 616 531 LIBER
638 474 842 531 SECUNDUS.
1148 477 1205 535 tto

191 612 233 681 Et
249 606 439 702 siquidem,
466 606 528 681 ubi
553 607 666 679 victus
688 604 856 681 babuerit
873 604 1097 703 probabilem
1113 632 1207 680 cau-

140 748 217 797 sam
230 723 403 818 litigandi,
422 722 584 819 quamvis
595 745 801 795 consonum
821 735 911 792 esset
927 721 998 818 juri
1015 734 1055 791 ut
1076 720 1123 794 ab
1141 747 1206 794 es·

143 863 333 935 pensarum
362 838 662 912 condemnatione
700 837 947 926 revelaretur¹‚
979 861 1054 908 non
1087 837 1233 914 minus.

143 970 261 1027 tamen
290 955 457 1029 observat
482 954 648 1052 praedicta
680 954 805 1050 iniqua
833 954 1075 1045 consuetudo,
1099 955 1206 1029 etiam

142 1066 204 1139 nbi
227 1071 424 1143 constiterit
444 1094 528 1141 eum
551 1069 686 1142 nullam
707 1067 874 1142 habuisse
892 1093 1038 1141 causam
1057 1094 1121 1141 seu
1144 1093 1206 1168 ap·

141 1187 339 1284 parentiam
365 1185 546 1282 litigandi,
569 1200 657 1284 puta
676 1185 704 1256 si
727 1185 865 1282 liquido
888 1183 1082 1283 probatum
1104 1185 1208 1258 suerit

143 1299 276 1371 victum
299 1301 541 1373 adversarium
561 1302 677 1373 visua
697 1300 920 1399 possessione
943 1300 1125 1398 spoliasse,
1144 1325 1206 1373 seu

141 1415 347 1488 deturbasse
362 1417 416 1488 vel
436 1417 662 1514 inquietasse.
681 1418 994 1513 Qualitercumque
1011 1418 1108 1489 enim
1123 1443 1208 1515 aga.

140 1547 211 1625 tur,
231 1533 366 1605 nedum
381 1533 427 1605 dc
444 1533 680 1632 proprietate,
704 1534 820 1606 sedet
843 1533 889 1605 de
912 1535 1134 1631 possessione
1151 1532 1206 1615 vel

140 1650 377 1745 acquirenda,
396 1651 452 1722 vel
470 1649 675 1742 retinenda,
702 1650 758 1721 vel
782 1649 1045 1748 recuperanda,
1071 1650 1207 1750 absque

140 1764 214 1836 ullo
241 1764 383 1837 delectu
410 1765 543 1838 dictam
565 1765 861 1837 consuetudinem
888 1763 1096 1857 observant,
1122 1768 1208 1863 quia

140 1881 238 1954 nulla
253 1881 293 1952 lit
307 1881 562 1954 condemnatio
578 1905 830 1978 expensarum.
852 1885 903 1951 Ex
917 1905 992 1977 quo
1009 1883 1127 1954 evenit
1143 1899 1204 1977 ut,

140 1996 448 2094 quemadmodum
468 1996 691 2069 consuetudo
716 1997 935 2095 praecedens,
953 2022 1033 2094 quae
1051 2012 1207 2071 uansao

140 2113 255 2184 tiones
268 2127 365 2183 metu
373 2137 488 2210 poenae
502 2110 685 2210 probibet,
695 2127 830 2210 coeptas
844 2113 952 2185 semel
966 2113 1045 2185 lites
1055 2129 1118 2186 aut
1130 2114 1208 2187 lou·

140 2253 201 2324 gas
219 2228 327 2300 ellicit
345 2244 407 2302 aut
423 2254 523 2327 paene
540 2229 779 2322 immortales,
799 2229 847 2301 ita
864 2229 960 2323 haec,
977 2256 1055 2329 quae
1071 2229 1207 2328 absque

141 2346 215 2416 ullo
233 2345 372 2419 delectu
388 2345 435 2419 ab
452 2346 616 2443 expensis
633 2342 754 2417 eximit
773 2347 902 2440 victos,
914 2347 1078 2439 ,infinitas
1091 2349 1208 2446 quoti·

139 2462 212 2552 die,
233 2463 332 2535 nullo
348 2461 541 2534 cohibente
557 2476 655 2533 metu
671 2461 884 2535 retundendi
901 2489 1086 2563 expensas,
1104 2465 1207 2539 l'a'ciat

141 2578 276 2651 oboriri
292 2594 328 2650 et
343 2578 519 2653 inchoari.
546 2578 617 2652 Sed
642 2580 726 2676 quia
746 2579 954 2676 hujusmodi
979 2582 1206 2678 iniquissimae

140 2711 176 2767 et
196 2696 499 2793 perniciosissimae
519 2695 797 2767 eonsuetudines
816 2695 998 2768 uberrima
1020 2722 1152 2795 pascua
1169 2713 1206 2772 et

140 2826 293 2908 quaestus
315 2810 490 2885 maximos
515 2809 697 2883 advocatis
722 2810 876 2883 allerunt
903 2825 939 2883 et
961 2811 1087 2884 officiis
1108 2812 1205 2907 judi·

141 2953 238 3019 cum,
258 2927 341 2999 ideo
355 2950 427 3019 eas,
442 2925 671 3021 velutjustas,
684 2940 756 2998 tarn
767 2926 906 3023 judices
917 2953 1026 3025 quam
1038 2927 1205 3003 advocati

140 3044 419 3142 pertinacissime
436 3042 630 3115 observant
645 3058 680 3114 et
699 3043 908 3116 defendunt.

191 3165 271 3233 Uno
285 3174 405 3232 autem
415 3158 493 3232 solo
504 3181 591 3230 casu
601 3183 774 3256 expensas
790 3160 949 3233 resarciri
961 3162 1202 3255 consentiunt,

140 3278 286 3376 quando
302 3291 427 3349 contra
438 3276 622 3375 propriam
633 3275 902 3372 obligationem,
916 3303 1041 3351 coram
1057 3278 1204 3377 publico

141 3393 331 3467 tabellione
355 3408 546 3492 passatam,
575 3417 655 3465 reus
684 3394 819 3467 venisse
853 3396 1099 3468 convincatur.
1135 3398 1205 3471 Sed

140 3512 299 3611 prolecto
318 3524 353 3584 et
373 3511 410 3583 in
427 3511 504 3584 aliis
520 3511 716 3583 innumeris
731 3510 872 3587 casibus
891 3513 1053 3608 quotidie
1069 3514 1106 3587 in
1127 3515 1205 3613 ipsa

140 3627 325 3724 provincia
340 3628 558 3725 comperitur
579 3629 691 3698 victus
707 3625 844 3726 absque
860 3627 932 3701 ulla
948 3626 1127 3726 probabili
1140 3652 1204 3726 ap·

140 3745 301 3844 parentia
324 3744 494 3840 litigasse3
525 3745 562 3816 in
583 3743 714 3841 quibus
733 3743 836 3817 valde
860 3744 1030 3841 injustum
1051 3760 1104 3816 est
1120 3769 1205 3816 eum

141 3859 178 3930 in
207 3859 349 3931 alterius
374 3859 540 3957 injuriam
564 3858 611 3932 sb
638 3883 875 3958 expensarum
902 3858 1204 3939 condemnatione

142 3978 301 4050 relevari.

186 4215 211 4267 l.
235 4209 368 4288 Comigea
384 4214 561 4268 relevaretur.
