2946 5070
201 468 259 526 m
624 466 832 536 ΔΝΜ,

199 613 316 685 antea,
334 596 428 669 dolis
446 611 486 695 et
501 597 688 670 calumniis
706 622 901 695 prasonem
916 615 954 671 et
969 601 1186 697 iniqtrornun
1200 601 1261 672 bo-

200 716 339 789 minum
358 711 491 801 besum
517 709 792 808 cognoscimini
814 713 915 787 sade
935 717 1057 813 quod,
1083 719 1114 790 si
1136 742 1262 814 sarept

199 829 289 903 inibi
316 844 353 900 et
377 852 524 926 prorsus
544 829 679 901 incerta
698 844 806 926 atqie
828 831 1039 905 inconstans
1063 831 1173 921 fides,
1191 858 1260 907 non

198 946 318 1044 potior
339 945 447 1017 etiam
476 967 593 1040 neque
619 945 777 1021 securior
808 945 879 1017 illie
903 947 1041 1042 justitia
1069 936 1258 1022 inrenitm.

200 1063 290 1138 ttam
306 1085 391 1133 cum
409 1058 582 1158 improbis
598 1059 817 1137 delatoribus
832 1060 944 1135 tacitis
966 1061 1014 1139 ad
1033 1062 1260 1137 calumnian-

199 1178 288 1257 dum
311 1178 430 1253 bonos
456 1179 573 1253 adittu
598 1196 772 1275 auraque
794 1178 1087 1267 commodentur,
1108 1182 1172 1277 qui
1192 1182 1260 1254 illic

198 1296 351 1392 degunt,
372 1295 564 1392 presertim
587 1296 617 1367 si
640 1293 836 1392 aliquando
856 1295 1127 1386 fuerintinvisi‚
1148 1298 1260 1393 quoti-
1288 1364 1293 1373 .

198 1411 314 1485 diariis
329 1411 590 1487 calumniarum
606 1410 771 1508 perieulis
783 1425 905 1509 patere
919 1435 1067 1489 necesse
1080 1427 1134 1488 est
1148 1428 1185 1485 et
1196 1413 1260 1486 sub

200 1528 307 1605 aurio
321 1543 358 1603 et
375 1552 525 1627 poencso
543 1528 647 1602 valde
669 1542 769 1601 man
788 1527 1114 1623 nugacissimo
1137 1531 1261 1603 nostris

198 1644 452 1719 assertionibus
462 1646 545 1718 satis
560 1643 714 1718 allenmt
725 1644 783 1716 ille
799 1643 990 1718 cardinalis
1004 1659 1043 1717 et
1059 1645 1118 1717 ille
1133 1646 1261 1745 episcn·

199 1786 285 1860 pus,
309 1763 384 1859 jam
402 1764 512 1839 sermo
535 1787 599 1862 per
620 1762 908 1860 quinquennium
935 1785 980 1839 ea
1004 1787 1087 1858 quse
1116 1762 1262 1837 dicisum

198 1881 345 1978 experti.
365 1881 458 1960 Alios
473 1880 702 1979 quamplures
722 1879 829 1952 etiam
845 1879 882 1951 in
899 1893 1005 1953 testes
1019 1878 1125 1952 tacite
1140 1904 1262 1954 vocare

198 2011 235 2070 et
249 1997 358 2071 citare
374 2021 574 2095 possemus,
591 1997 621 2070 si
637 2020 660 2068 a
675 2020 805 2069 sonum
819 1995 944 2068 mortis
957 1993 1058 2069 et-ab
1071 1996 1194 2068 inseris
1206 2020 1263 2068 eos

198 2115 350 2187 excitare
366 2139 563 2213 possemus,
582 2138 671 2210 quo,
687 2115 845 2185 insontes
859 2112 961 2201 licet,
979 2111 1121 2192 dimissi
1136 2128 1263 2202 sunta

199 2231 360 2327 praestitis
374 2232 425 2302 eis
437 2229 684 2303 securitatibus
695 2229 821 2322 delusi,
837 2230 876 2300 iu
887 2226 1022 2325 quibus
1032 2242 1171 2303 temere
1182 2255 1264 2302 con-

200 2343 366 2416 fiderunt.
387 2346 457 2417 Sed
474 2346 620 2419 invidias
632 2346 821 2442 nimiaeque
834 2344 1046 2442 prolixitatis
1061 2344 1265 2419 devitanda·

199 2484 279 2532 rum
296 2460 419 2554 gratia,
437 2461 576 2541 silentio
590 2486 654 2534 eos
668 2461 918 2560 praeteriemus.

249 2580 329 2649 Non
339 2578 530 2651 reseremus
541 2581 648 2652 etiam
660 2579 838 2676 quotiens,
850 2602 872 2651 a
883 2578 1040 2649 triennio
1051 2579 1143 2656 eitra
1150 2580 1189 2673 (a
1196 2603 1264 2680 quo

200 2710 360 2795 tempore
381 2697 540 2769 inclitam
560 2695 945 2770 hauo'lreverensium
968 2695 1189 2768 incoluimus
1209 2720 1264 2768 ur·

199 2812 314 2910 bem),
333 2839 407 2905 rer,
422 2812 778 2885 stimulantibusaliis
791 2811 1008 2908 quibusdam
1023 2836 1091 2909 per
1102 2811 1265 2886 ambitio·

199 2956 284 3003 nem
309 2933 534 3023 saecularem,
565 2945 723 3002 nostram
755 2931 883 3002 iterum
909 2944 947 3002 et
979 2928 1105 3002 denuo
1131 2932 1265 3026 assequi

199 3047 383 3119 ecclesiam
399 3046 658 3138 ambientibus,
683 3061 721 3119 et
735 3061 895 3144 tempore
919 3044 1030 3121 felicis
1048 3044 1265 3121 recordatio·

200 3164 256 3234 nis
280 3163 380 3235 Pauli
399 3180 434 3236 et
454 3164 619 3245 moderni
642 3165 749 3237 etiam
770 3142 887 3253 Sixti¹,
914 3161 1132 3260 pontificum
1152 3187 1265 3249 roma·

199 3302 349 3370 norum,
379 3280 584 3353 instantiam
612 3280 752 3374 lecerit,
783 3295 822 3352 ut
844 3279 902 3352 vel
928 3279 999 3351 alio
1025 3279 1064 3353 in
1097 3279 1264 3356 Pathmos
1322 3305 1325 3311 ·

100 3421 106 3437 ·
193 3393 481 3490 transferremur,
497 3399 555 3471 vel
570 3400 648 3496 ipsa
663 3398 809 3471 ecclesia
825 3409 947 3471 nostm
965 3420 1033 3494 pm
1049 3395 1264 3492 quibusdam

199 3511 324 3584 affictis
340 3512 387 3585 ab
407 3513 541 3586 eisdem
558 3513 866 3589 criminationibus
888 3512 1127 3609 dejiceremnr
1144 3527 1179 3583 et
1195 3513 1264 3609 pri-

199 3649 376 3697 varemur.
418 3626 556 3714 Quibus
588 3642 706 3700 tamen
738 3626 950 3726 importunis
985 3641 1093 3722 atque
1130 3625 1265 3720 injustis

199 3743 498 3840 postulationibus
521 3745 723 3842 apostolica
746 3743 837 3816 sedis
860 3742 993 3838 justitia
1012 3756 1053 3829 et·
1065 3740 1265 3837 benignitas

199 3885 339 3960 semper
357 3859 535 3958 repulsam
556 3885 623 3958 pro
648 3859 770 3951 nobis,
800 3859 883 3931 licet
906 3856 1134 3950 absentibus,
1154 3857 1260 3930 dedit.

239 4129 269 4185 l.
292 4125 361 4185 Paul
375 4130 419 4196 11,
437 4125 516 4185 etant
529 4139 604 4186 mort
618 4127 645 4184 le
664 4127 703 4183 28
721 4125 816 4200 juillet
834 4126 924 4194 till,
941 4135 989 4181 eut
1004 4142 1082 4200 pour
1094 4139 1262 4181 successeur

199 4221 280 4282 Sixto
292 4224 342 4284 lv.
