2946 5070
198 473 256 527 llo
471 469 727 525 fllsmmantm
747 468 927 526 nunoncl
948 470 990 526 xl

197 602 369 674 abeuntes
390 601 585 698 plurimum
608 599 857 671 molestabant.
879 600 1030 671 Dimissa
1050 623 1200 696 quoque
1219 598 1262 671 ad

198 740 329 816 pascua
355 717 412 788 vel
439 717 546 789 saltus
571 716 739 787 animalia
765 716 915 787 civitatis
939 731 1042 814 rapta
1062 715 1264 813 frequenta

198 833 412 929 abigebant,
432 857 475 903 ac
496 831 602 902 variis
621 829 739 902 modis
763 843 799 900 et
821 830 1083 927 bequentibus,
1104 843 1142 902 et
1168 843 1264 929 paene

198 949 415 1046 quotidianis
439 946 724 1034 incursionibus,
747 947 880 1018 damna
898 948 1032 1020 civitati
1050 946 1262 1020 inferebant.

198 1068 282 1136 Erat
305 1066 439 1163 quippe
459 1065 714 1150 inveteratum,
735 1064 788 1133 uti
816 1061 979 1156 aiebant,
1012 1063 1266 1135 dominorum¹

198 1181 268 1251 loci
285 1179 379 1253 illius
395 1177 522 1250 odium
539 1179 587 1250 ad
609 1179 809 1268 civitatem,
826 1193 862 1250 et
882 1180 960 1250 vice
975 1203 1098 1270 versa3
1116 1195 1267 1268 certum·

199 1321 269 1393 que
279 1296 387 1392 vulgo
398 1319 591 1366 commune
600 1294 850 1392 proverbium,
863 1295 964 1392 quod
976 1296 1117 1368 domini
1128 1296 1175 1368 de
1186 1296 1268 1368 [sel-

197 1417 304 1503 stein,
324 1412 445 1487 adhuc
457 1413 494 1485 in
509 1427 665 1492 matrum
674 1412 789 1483 uteris
798 1412 922 1501 clausi,
938 1412 1059 1484 hostes
1072 1413 1268 1509 Trajecten·

199 1532 310 1618 sium,
346 1531 554 1629 priusquam
590 1530 627 1598 in
666 1528 761 1600 banc
792 1528 909 1599 lucem
937 1529 1152 1616 ederentur,
1196 1542 1267 1601 ease

201 1648 369 1719 solerent.
784 1633 787 1641 ’

248 1767 437 1834 Moverunt
462 1762 582 1858 itaque
602 1785 645 1832 ex
668 1762 809 1834 civitate
823 1761 1036 1858 Trajectensi
1053 1760 1268 1834 Clivensium

199 1880 343 1979 copiae²,
367 1879 462 1950 circa
488 1891 644 1972 quatuor
665 1878 776 1948 millia
803 1877 989 1976 peditum,
1017 1875 1173 1949 ducibus
1199 1881 1267 1949 En·

200 1994 387 2093 gbelberto
406 2008 443 2065 et
460 1992 612 2065 domino
632 1993 678 2064 de
702 1993 926 2087 Montelorti,
948 2006 985 2083 et
1003 2017 1059 2084 se,
1078 2017 1145 2090 per
1168 2017 1268 2089 agros

199 2126 238 2185 et
256 2134 411 2209 pascua,
436 2110 502 2207 ipsi
526 2109 703 2207 oppidulo
728 2111 821 2183 ultra
842 2124 984 2182 tantum
1001 2115 1139 2206 jactum
1160 2110 1270 2181 missi·

200 2226 288 2298 lium
305 2228 546 2327 propinquos,
566 2225 786 2318 effuderunt,
805 2227 902 2299 velut
921 2226 1136 2325 oppidulum
1153 2225 1269 2299 obses·

202 2346 274 2417 suri
289 2347 312 2415 ⁸.
340 2345 538 2436 Quicum,
567 2345 644 2416 sine
667 2345 770 2417 fossa.
786 2346 857 2418 illic
883 2361 920 2419 et
944 2345 1040 2417 vallo
1061 2360 1125 2417 aut
1151 2347 1267 2443 aliquo

202 2461 273 2532 alio
292 2461 540 2551 munimento,
566 2461 726 2559 quinque
741 2475 803 2534 aut
817 2486 878 2534 sex
895 2459 973 2535 dics
990 2460 1166 2559 dispersi,
1188 2462 1269 2533 hinc

203 2576 287 2648 inde
308 2576 513 2674 jacuissent,
532 2575 711 2673 pecudum
734 2579 853 2676 potius
875 2600 984 2674 quam
1002 2578 1156 2649 militum
1173 2601 1268 2649 more

202 2694 299 2787 (non
329 2693 427 2763 enim
457 2690 656 2763 secundum
688 2691 913 2789 disciplinam
941 2692 1132 2764 militarem
1159 2707 1268 2765 castra

202 2808 324 2879 metati
342 2821 443 2880 erant
458 2822 521 2878 aut
536 2808 868 2903 communierant),
889 2805 995 2878 taedio
1013 2808 1119 2880 simul
1140 2822 1177 2879 et
1199 2810 1268 2880 vic·

202 2924 351 2995 tualium
378 2923 518 2995 caristia
543 2938 650 3019 atque
686 2924 827 2994 raritate
855 2921 1062 3018 diffatigati,
1092 2925 1192 2996 nulla
1221 2937 1268 2996 at·

205 3055 337 3114 tentata
359 3041 641 3139 expugnatione,
663 3038 863 3111 inefficaces
890 3054 926 3109 et
946 3041 1048 3112 vacui
1073 3042 1268 3138 Trajectum

204 3159 398 3230 redierunt.
428 3158 532 3229 Unde
553 3183 654 3250 cum,
681 3171 762 3254 post
791 3155 883 3228 duos
909 3171 971 3228 aut
992 3172 1064 3229 tres
1083 3158 1182 3249 dics,
1207 3181 1269 3230 nec

205 3275 380 3373 stipendia
397 3276 637 3373 perciperent,
661 3298 728 3345 nec
744 3272 928 3365 victualia,
951 3275 1018 3345 nisi
1035 3296 1122 3346 caro
1144 3276 1268 3347 'admo-

205 3390 311 3482 dum,
336 3416 546 3491 comparare
567 3391 746 3482 valerent,
774 3391 850 3461 sine
879 3389 954 3461 ullo
983 3393 1126 3488 penitus
1156 3392 1268 3464 fructu

206 3510 260 3580 vel
291 3509 432 3581 honore
466 3509 532 3607 ipsi
565 3508 744 3581 Clivenses
776 3522 860 3580 sunt
889 3509 1017 3580 reversi
1053 3510 1090 3579 in
1120 3509 1268 3608 patriam

206 3648 320 3697 suam.

258 3745 500 3839 Reposuerant
524 3756 629 3813 antea
655 3764 822 3838 magnam
852 3742 928 3839 spei
955 3766 1026 3814 sua
1046 3740 1267 3840 partemipci

208 3858 355 3930 rebelles
376 3859 614 3955 Trajectenses
643 3858 678 3926 in
705 3857 837 3928 auxilio
866 3857 969 3931 ducis
989 3857 1183 3952 Clivenais3
1209 3850 1268 3929 sed

249 4041 277 4093 l.
300 4039 354 4092 Les
369 4039 501 4112 Egnront.

249 4131 278 4189 9.
301 4128 404 4188 Matth.
420 4153 435 4182 a
448 4133 489 4186 Ex
504 4127 619 4185 civitate
632 4127 855 4198 rrajecrensium
869 4141 898 4186 et
911 4128 1085 4188 Clivensium
1101 4131 1201 4207 copia.
1216 4155 1230 4182 ι

251 4225 280 4283 3.
303 4225 342 4280 26
359 4225 427 4280 aodt
443 4224 532 4284 1482.
