2946 5070
534 522 644 578 LIBER
673 521 824 578 SEXTUS.
1168 522 1203 578 at

146 649 356 722 incendium
380 651 522 748 posuit,
551 649 715 750 pluribus
738 647 828 722 inibi
853 649 1022 723 domibus
1038 651 1206 726 incendio

145 766 357 868 absumptis.
380 769 490 857 Quod
512 767 614 861 lieet,
632 767 731 841 velut
752 766 871 840 favilla
880 768 922 839 in
942 782 1129 866 stuppeam
1154 770 1208 841 in-

147 906 294 956 currens
309 885 515 978 materiam,
535 884 638 957 initio
658 904 809 984 parvum
824 897 933 977 esset,
951 883 1070 957 statim
1086 899 1207 957 tamen

146 1000 253 1097 longe
275 1001 416 1099 lateque
435 1019 721 1100 quaquaversum
747 1001 787 1072 in
811 1023 961 1098 magnos
977 999 1076 1098 ignes
1101 1001 1208 1074 flam·

147 1141 359 1215 manumque
384 1116 509 1215 globos
536 1118 701 1209 colluxit3
732 1142 817 1192 nam
838 1116 939 1189 brevi
965 1130 1090 1190 exacto
1117 1132 1208 1189 tem·

147 1257 253 1333 pore,
282 1235 406 1308 omnia
422 1233 590 1324 aedificia,
617 1260 696 1332 quae
717 1261 782 1334 per
807 1258 912 1331 agros
930 1235 1209 1331 circumquaque

146 1350 366 1467 liajectum,
382 1350 429 1423 ad
446 1351 562 1423 vicina
576 1375 688 1448 usque
705 1348 839 1450 oppida
854 1348 990 1445 absque
1011 1350 1210 1421 munitione

147 1480 270 1564 sparsa
286 1481 404 1558 erant,
424 1468 515 1562 ignis
531 1467 770 1566 consumpsit,
790 1489 1034 1565 pauperesque
1058 1465 1210 1562 agricul-

148 1595 263 1676 tores,
285 1584 351 1654 nisi
362 1585 424 1681 qui
441 1582 523 1679 fuga
536 1583 629 1658 elabi
645 1597 859 1683 potuerunt,
877 1606 1074 1679 eorumque
1091 1581 1207 1675 bona,

148 1697 296 1772 abducti
319 1699 377 1773 vel
398 1699 527 1800 direpti
550 1716 634 1774 sunt
656 1715 719 1776 aut
743 1696 916 1772 incendiis
941 1697 1134 1799 absumpti.
1158 1703 1210 1771 lta

149 1811 251 1887 brevi
276 1830 482 1909 momento,
503 1819 578 1913 agri
602 1817 653 1890 illi
674 1817 735 1913 qui
755 1816 863 1909 cultu,
876 1829 1034 1887 satorum
1050 1815 1210 1913 opulenti

149 1931 257 2028 atque
276 1930 434 2005 adificiis
450 1934 594 2031 optimis
612 1931 823 2032 perpulchre
841 1931 957 2004 ornati
980 1931 1212 2026 instructique

150 2060 274 2139 erant,
308 2046 438 2121 deserti
464 2049 753 2146 squalentesque,
771 2045 966 2118 combustis
994 2060 1030 2119 et
1049 2046 1213 2117 crematis

149 2163 289 2237 cunctis
303 2163 453 2259 aedibus,
472 2166 509 2238 in
525 2163 755 2239 solitudinem
770 2178 853 2234 sunt
869 2161 1024 2254 redacti3
1043 2161 1213 2235 maledic-

151 2292 300 2374 tumque
323 2279 411 2352 illud
433 2281 685 2380 propheticum
710 2280 837 2379 procul
857 2278 970 2352 dubio
993 2279 1212 2377 completum
1298 2340 1303 2351 .

151 2408 205 2466 est
224 2420 232 2465 :
255 2399 471 2469 «Convertit
489 2413 620 2470 terram
641 2421 766 2469 eorum
784 2396 999 2470 fructiferam
1015 2398 1052 2468 in
1069 2397 1213 2493 salsugi-

152 2533 238 2583 nem
253 2514 408 2584 amentia
425 2512 663 2587 habitantium
678 2515 716 2584 in
729 2537 785 2586 ea.
805 2544 823 2578 a
844 2517 934 2586 Nam
951 2511 1014 2585 ubi
1029 2513 1214 2611 paululum

153 2640 236 2699 ante
259 2627 372 2701 fuerat
393 2630 490 2701 velut
513 2630 660 2728 quidam
684 2627 870 2728 paradisus
895 2628 1104 2727 voluptatis,
1132 2628 1215 2699 ubi-

154 2767 239 2841 que,
252 2745 379 2842 procul
397 2739 523 2836 dubio,
542 2775 560 2814 «
575 2744 737 2842 squalent
750 2743 914 2817 abductis
928 2769 1014 2818 arva
1029 2744 1181 2836 colonis,
1195 2775 1212 2810 t>

155 2873 196 2932 ut
218 2885 285 2932 nec
304 2860 403 2956 jam,
422 2886 502 2960 quae
527 2887 593 2962 per
614 2861 712 2961 prius
730 2860 865 2952 fuerat,
892 2859 955 2932 sed
980 2860 1049 2932 alia
1070 2885 1216 2959 prorsus

156 2975 405 3049 itinerantibus
438 3003 502 3075 per
535 3001 616 3050 earn
647 2977 761 3075 patria
792 2999 896 3076 posse
931 2976 1123 3050 existimari
1155 2978 1216 3048 vi-

153 3090 294 3164 deatur.

169 3204 175 3211 ’
205 3209 375 3296 Quotidie
401 3208 535 3282 fiebant
555 3211 800 3299 incursiones,
823 3208 934 3281 modo
961 3218 1001 3280 e'r
1028 3209 1218 3283 llollandra

111 3383 121 3402 .
157 3338 193 3395 et
213 3324 394 3424 oppidulis
411 3350 433 3398 a
448 3325 619 3424 pontifice
643 3340 862 3400 armatorum
882 3326 996 3425 copiis
1016 3327 1217 3399 communi·

158 3439 214 3532 tis,
234 3440 272 3511 in
290 3463 377 3535 agro
391 3441 680 3537 Trajectensium,
697 3455 733 3512 et
746 3423 822 3513 uice
840 3464 953 3530 versa,
969 3439 1087 3513 donec
1100 3442 1219 3513 omni·

158 3553 229 3627 bus
250 3557 412 3656 expilatis
438 3571 473 3628 et
496 3555 649 3644 abrasis,
678 3556 768 3630 nihil
789 3558 864 3653 jam
890 3555 990 3655 quod
1015 3572 1135 3656 posset
1157 3580 1219 3657 pa·

159 3672 283 3744 tuisse¹
301 3673 449 3772 praedae,
469 3688 678 3774 superesset.

189 3791 368 3863 lentavit
398 3790 486 3864 bina
516 3792 593 3864 vice
618 3793 699 3891 pius
726 3790 903 3890 pontifex,
922 3816 1069 3863 suorum
1089 3793 1220 3864 civium

161 3908 433 3983 commiseratus
447 3934 602 4002 errores,
620 3907 765 3981 eosdem
779 3909 826 3981 ad
841 3911 895 3981 sui
910 3909 1153 3983 obedientiam
1169 3934 1221 3979 re·

161 4049 310 4118 vocarc3
326 4042 362 4101 et
375 4026 421 4100 ad
431 4028 646 4100 monasteria
661 4026 792 4098 civitati
809 4026 939 4120 vicina,
952 4050 1100 4098 suorum
1117 4026 1221 4124 stipa·

203 4268 232 4326 l.
255 4270 302 4327 Sic
318 4261 484 4340 Matthaeus;
499 4274 626 4345 rapuisse
642 4268 713 4327 dans
726 4268 754 4326 le
767 4288 820 4327 ms.
