2946 5070
184 448 189 456 ’
209 481 266 538 oro
635 466 842 546 reomau,

207 611 333 684 reverti
351 611 388 681 in
408 609 520 681 dictas
534 606 729 680 Cataloniae
749 620 860 678 terras
875 607 1025 679 minime
1039 622 1265 706 poteramus,

165 781 167 785 .
203 726 422 821 ramjustas,
442 740 516 797 tam
536 722 763 797 rationabiles
781 737 819 794 et
835 723 1062 814 mmitesras,
1090 725 1192 821 quod
1208 750 1269 797 nee

207 829 237 921 si
253 841 351 939 apud
367 840 515 939 Scythas
531 856 593 913 aut
607 863 856 938 quoscumque
870 837 1045 911 barbaros
1059 841 1267 935 egissemus,

205 958 441 1031 verisimiliter
447 956 779 1029 refutariullatenus
786 954 1006 1028 debuissent.
1022 955 1271 1030 Smibcbarnru

206 1074 352 1171 insuper
367 1072 415 1146 ad
442 1070 638 1153 nonnullos
665 1070 817 1159 amlcos,
838 1069 963 1167 quiin
985 1071 1086 1142 cuda
1107 1084 1171 1142 sua
1197 1095 1271 1144 nou

206 1190 324 1287 parvis
342 1187 581 1284 iungebantur
591 1185 804 1279 bonoribus,
823 1201 863 1258 ut
875 1185 1061 1259 nobirsuo
1074 1189 1271 1286 patrocinlo

207 1306 244 1376 in
254 1306 316 1381 tali
327 1305 532 1378 necessitate
544 1327 653 1403 opem
662 1303 751 1376 serre
766 1317 945 1379 curarent.
965 1302 1273 1375 Sedoelumniods

206 1425 278 1496 suis
295 1423 491 1496 mendaciis
508 1437 655 1503 tantum
677 1421 775 1518 apud
802 1446 886 1495 euru
906 1421 1041 1519 impius
1053 1419 1116 1491 ille
1138 1419 1273 1492 satelles

206 1526 496 1613 cumfautoribus
511 1539 582 1610 suis
593 1535 858 1635 potuitefficem
867 1551 920 1625 ut,
933 1560 1053 1633 neque
1065 1561 1149 1628 nos,
1158 1561 1271 1633 neque

207 1655 334 1752 aliquis
357 1653 580 1727 intercedens
596 1678 664 1753 pro
679 1651 786 1725 nobis
800 1653 874 1724 ullo
890 1652 1003 1735 modo
1018 1651 1183 1724 exaudiri
1196 1677 1272 1751 pos·

206 1796 336 1843 sarnus.
357 1771 453 1859 Quin
476 1770 601 1869 potius
618 1769 725 1841 nobis
750 1794 920 1868 responsa
937 1769 1106 1867 quaedam
1122 1769 1272 1843 barbara

155 1984 158 1987 Ι
207 1910 371 1983 prorsus,
390 1909 481 1957 saeva
494 1899 534 1956 et
547 1884 725 1972 crudelia,
739 1909 806 1982 pro
824 1884 953 1956 nostris
963 1884 1169 1979 justissimis
1188 1886 1272 1983 peti·

208 2001 367 2073 tionibus
380 2016 416 2073 et
428 1999 716 2074 excusationibus
726 2036 742 2090 ,·
751 2000 891 2100 reddita
905 2015 1001 2073 sunt.

257 2124 345 2226 Quae
368 2119 710 2208 animadvertentes,
731 2118 892 2191 animum
910 2143 1057 2217 qnoque
1073 2119 1123 2192 ad
1141 2145 1209 2193 nos
1224 2135 1273 2216 ty·

209 2234 333 2322 ranni,
353 2259 462 2330 quem
487 2235 562 2330 ejus
578 2250 614 2308 et
631 2233 742 2308 verba
763 2249 800 2308 et
816 2220 907 2309 lacta
922 2227 1157 2325 indicabant,
1172 2237 1272 2308 simul

209 2350 317 2422 etiam
331 2350 432 2445 qnod
445 2350 542 2448 apud
556 2376 643 2435 eum
659 2366 795 2423 tanum
812 2352 960 2447 gratiam
978 2367 1128 2450 tamque
1141 2352 1273 2432 facilem

209 2466 348 2541 aditum
371 2467 485 2545 nostri
511 2466 788 2540 calumniatores
813 2468 1012 2566 impiissimi
1033 2469 1270 2559 invenissent,

210 2583 272 2679 qui
291 2607 364 2653 non
381 2581 478 2654 aliud
496 2607 605 2679 quarn
619 2608 686 2656 uos
702 2584 883 2681 perditum
898 2585 941 2655 iri
957 2584 1181 2681 querebant,
1200 2600 1274 2658 uta

210 2723 248 2772 se
260 2699 381 2794 inique
397 2714 433 2771 et
447 2698 613 2796 improbe
622 2700 822 2798 concupitis
836 2700 943 2799 potiri
958 2715 1106 2799 possent
1117 2702 1211 2798 (quae
1224 2725 1275 2772 res

211 2817 261 2888 eis
282 2818 407 2916 procul
433 2816 552 2889 dubio.
574 2819 813 2916 provenisset,
833 2820 872 2891 si
885 2827 1013 2892 manus
1028 2820 1218 2916 sacrilegas
1240 2821 1274 2892 in

211 2955 401 3030 personam
424 2950 582 3008 nostram
598 2937 738 3007 mittere
756 2936 983 3035 potrdssent),
1002 2937 1192 3011 statuimus
1210 2960 1275 3036 pru

212 3065 373 3148 ternpore
400 3077 526 3134 eorum
557 3052 716 3125 furorem
745 3067 853 3148 atque
879 3052 1050 3125 sevitiam
1083 3043 1272 3126 declinare.

213 3168 303 3237 Cum
319 3167 415 3240 enim
434 3192 508 3239 non
524 3193 631 3260 oves,
652 3168 715 3240 sed
731 3169 849 3241 solum
866 3184 1045 3267 pastorem
1062 3172 1228 3243 occidere
1243 3185 1276 3243 et

212 3281 361 3379 perdere
377 3285 603 3381 exquirerent
611 3285 757 3382 (quibus
772 3284 901 3357 ovibus
916 3311 980 3383 per
992 3287 1148 3359 vicarios
1155 3304 1191 3360 et
1201 3312 1277 3387 pro

212 3396 280 3468 bos
296 3397 465 3474 officiales
483 3401 658 3498 valdeque
685 3402 836 3475 idoneos
858 3402 1077 3473 sufficienter
1097 3406 1276 3502 provisum

213 3509 318 3604 erat),
334 3512 498 3608 exemplo
508 3527 543 3583 et
555 3529 732 3615 precepto
749 3515 940 3588 Salvatoris
954 3516 1065 3586 nostri
1079 3515 1214 3609 edocti,
1229 3541 1277 3588 sa·

214 3626 281 3696 tius
307 3625 382 3697 lore
403 3608 679 3702 eiristimavimus
703 3631 991 3730 persequentium
1017 3633 1188 3705 servitiam
1214 3657 1277 3733 pro

213 3757 374 3842 tempore
402 3744 598 3839 declinare,
624 3773 733 3844 quarn
756 3763 889 3820 temere
913 3762 949 3819 et
974 3749 1049 3820 sine
1075 3749 1198 3844 aliqua
1219 3773 1278 3848 spo

212 3860 391 3957 proiectus
419 3887 506 3951 nos,
525 3856 582 3935 'ab
603 3865 737 3938 eisdem
763 3863 985 3962 perdendos,
1005 3864 1277 3938 evidentissimis

211 3975 390 4072 objectare
407 3980 584 4079 periculis.
