2946 5070
591 435 701 499 uttttt
720 435 868 505 PRIMUS.
1200 441 1258 507 iil!

206 586 287 646 runi
313 560 543 643 dominorum
569 563 719 637 vinculis
749 552 997 660 innectuntur,
1025 593 1107 650 cum
1139 593 1258 649 revere

204 677 302 762 nialla
316 692 407 763 esset
422 679 549 774 gratia,
568 679 631 755 sed
652 681 769 764 verius
794 680 840 759 ab
864 683 1016 787 injuria,
1043 701 1080 760 et
1095 686 1260 783 equidem

203 793 432 895 gravissima,
453 818 497 869 ex
519 810 619 896 perte
646 798 807 876 cessatio.
833 800 922 877 Nam
943 799 1043 896 jutta
1067 824 1110 877 ea
1135 826 1213 899 quac
1240 826 1262 886 a

203 906 433 1007 nobiseupra
447 908 552 987 latius
571 912 748 1006 recensita
768 925 863 1002 sunt,
888 913 1022 997 nnllam
1046 940 1201 1013 unquam
1223 918 1260 1001 iu

202 1049 286 1113 eum
310 1023 555 1135 offensionem.
568 1026 823 1124 rationabiliter
843 1026 915 1103 dici
929 1053 1118 1127 possumus
1135 1031 1264 1127 injuria
1367 1120 1370 1125 p

202 1140 397 1213 admisisse.
413 1142 484 1229 Qui
500 1144 528 1214 si
542 1144 618 1240 ejus
634 1167 803 1241 germano
815 1169 1045 1242 parueramus
1060 1162 1123 1221 ant
1138 1149 1266 1229 servie-

201 1280 345 1347 ramus,
363 1273 557 1363 postquam·
569 1260 691 1335 eidem>
703 1259 873 1335 ducatum
896 1276 932 1334 et
959 1262 1150 1360 imperium
1177 1267 1264 1335 Nor-

201 1374 355 1457 manniae
386 1372 596 1468 tradiderat,
623 1375 862 1475 omnibusque
883 1377 1055 1475 prelatis,
1081 1377 1264 1473 nobilibus

200 1503 237 1565 et
253 1490 385 1564 caeteris
404 1491 597 1588 provinciae
610 1492 753 1585 accolis,
774 1507 815 1571 ut
832 1490 957 1566 eidem·
967 1509 1133 1591 parerent
1150 1509 1186 1567 et
1197 1495 1264 1571 ho·

201 1604 305 1687 minii
314 1620 420 1703 atque
430 1602 608 1689 fidelitatis
617 1606 1047 1706 juramentepraestarent,
1060 1609 1264 1706 patentibus
1367 1638 1371 1647 ·

200 1721 273 1795 suis
294 1721 417 1795 litteris
437 1722 643 1811 solemniter
669 1747 734 1822 per
762 1739 875 1798 totam
898 1724 1121 1822 provinciam
1146 1726 1264 1825 publi.-

200 1839 287 1911 eetis
307 1839 555 1931 mandaverat,
579 1837 724 1915 eosdem
742 1838 789 1915 ab
811 1838 868 1926 his
883 1865 961 1938 quae
987 1839 1055 1927 sibi
1080 1840 1262 1931 debebant

200 1970 263 2021 seu
289 1949 521 2049 praestiterant
546 1946 788 2043 absolvendo,
814 1948 904 2023 nihil
926 1947 1078 2048 proinde
1105 1950 1263 2037 criminis

200 2052 405 2155 admisisse,
435 2064 574 2149 nullum
592 2064 707 2139 scelus
726 2080 944 2166 perpetrasse
966 2064 1045 2161 jure
1063 2069 1263 2165 meritoque

200 2181 335 2261 censeri
352 2178 557 2255 debuimus.
577 2182 680 2283 Atqui
695 2181 857 2283 prosectu
875 2205 998 2257 recens
1023 2205 1098 2259 non
1121 2197 1173 2263 est
1199 2197 1259 2275 ut,

200 2293 508 2392 quemadmodum

302 2474 421 2564 Saepius
435 2474 575 2541 oderunt
589 2498 679 2567 reges
693 2475 777 2542 dictu
792 2492 864 2566 que
879 2476 946 2542 dici·
952 2476 1079 2563 jubent,

200 2670 276 2719 non
304 2646 411 2725 etiam
439 2644 654 2745 dissimiliter
682 2644 825 2730 oderint
852 2661 959 2747 atque
990 2647 1143 2748 puniant
1172 2647 1263 2723 lacta

201 2784 278 2861 que
293 2759 575 2856 tentassemus

248 2875 316 2955 Sed
331 2892 368 2970 et
382 2891 459 2949 esto
476 2875 576 2974 quod
591 2877 649 2951 vel
662 2902 706 2949 ex
718 2875 926 2981 hujusmodi
938 2823 1144 2960 obedientia
1155 2891 1262 2974 atque

148 3080 153 3093 Ι
200 2994 342 3076 servitio
369 2993 468 3065 sratri
491 3016 557 3066 suo
581 2991 767 3087 exhibitis,
796 3008 858 3073 aut
877 2993 952 3071 aliis
976 2991 1262 3092 quibuscumque

199 3110 325 3202 causis,
347 3109 385 3185 in
413 3134 498 3183 eum
525 3109 674 3183 crimina
702 3109 974 3210 qualiacumque
1001 3106 1263 3187 admisissemus

199 3223 268 3299 sub
285 3225 473 3313 occasione
487 3224 544 3305 vel
556 3239 725 3326 pretextu
738 3225 895 3329 civilium
909 3224 1171 3303 dissensionum
1183 3249 1263 3323 quae

200 3330 336 3419 oborta
352 3340 492 3421 suerent
506 3341 598 3416 inter
619 3341 737 3443 ipsum
759 3355 795 3419 et
813 3365 919 3415 suum
937 3364 1145 3437 germanum
1163 3354 1262 3415 caete·

200 3479 330 3552 rosque
346 3456 524 3554 principes
536 3456 570 3527 ei
580 3454 801 3538 adhaerentes
817 3470 924 3573 atque
943 3453 1133 3539 soederatos
1147 3469 1264 3538 :certe

201 3585 283 3668 post
306 3571 435 3642 totiens
452 3571 560 3644 saetas
581 3583 617 3643 et
642 3570 754 3643 editas
780 3560 961 3665 generales
988 3572 1178 3642 amnestian
1202 3595 1261 3641 seu

201 3683 414 3787 abolitiones
429 3700 465 3756 et
482 3710 545 3816 per
562 3699 677 3756 totum
692 3709 842 3779 regnum
857 3687 987 3761 totiens
1002 3683 1214 3769 tubicinatas
1230 3699 1265 3754 et

202 3801 456 3898 praeconizatas
484 3801 522 3871 in
545 3802 619 3873 vim
645 3814 680 3871 ct
706 3799 817 3871 robur
845 3801 1015 3896 regalium
1043 3799 1262 3891 edictorum,

202 3938 282 4011 quae
300 3930 374 3987 tam
391 3916 589 4012 generales,
615 3930 687 3988 tam
712 3915 903 4013 plenariae,
933 3931 1006 3988 tam
1032 3938 1201 4011 expressae
1232 3927 1266 3985 et

203 4029 373 4102 absolutae
397 4045 515 4122 erant,
542 4029 705 4126 siquid
695 4055 733 4100 rn
750 4053 794 4100 eo
810 4032 984 4123 veritatis,
1004 4054 1034 4102 st
1024 4027 1140 4126 quid
1164 4027 1263 4120 fidei,

203 4144 232 4215 si
250 4143 338 4240 quid
362 4144 511 4242 pudoris
529 4158 604 4215 erat
627 4145 683 4214 vel
706 4144 956 4238 humanitatis,
975 4144 1075 4214 nullo
1091 4141 1204 4212 modo
1220 4141 1267 4212 ab
