2946 5070
582 492 693 549 multu
711 491 862 551 PRIMUS.
1201 495 1259 556 258

196 619 355 716 jusmodi
370 618 602 694 saluberrima
616 637 653 694 et
660 624 720 722 pia
731 623 931 697 cohortatio
946 624 1082 707 radico
1094 628 1255 722 misisset,

199 734 302 808 brevi
329 735 482 810 decursu
508 738 678 837 temporis
708 737 877 810 omnibus
901 737 1000 813 sactis
1027 742 1133 839 longe
1160 745 1260 817 eiiter

200 877 310 950 quatu
325 852 443 927 verbis
460 854 628 929 innotuit.
644 859 688 926 Et
699 853 805 926 nobis
820 855 979 953 quidem,
998 860 1060 955 qui
1076 873 1174 933 tanta
1190 863 1261 934 sin·

200 971 346 1073 ceritatp
373 986 410 1042 et
432 970 581 1069 parendi
607 985 715 1069 atque
739 970 949 1044 consulendi
975 973 1163 1048 effectione
1192 977 1261 1051 sibi

200 1085 409 1184 imprecanti
434 1087 623 1160 consilium
643 1086 891 1182 hujuscemodi
908 1088 1138 1183 dederamus,
1165 1092 1261 1166 hanc

199 1201 328 1295 vicem,
339 1201 518 1300 aliquibus
527 1203 602 1299 jam
612 1215 694 1301 post
701 1201 858 1277 decursis
866 1207 982 1299 annis,
992 1206 1167 1304 rependit,
1177 1232 1261 1282 cum

199 1319 379 1418 principes
393 1343 436 1393 ao
451 1343 616 1420 proceres
632 1319 734 1416 regui
757 1344 825 1419 pro
843 1319 1097 1395 reformatione
1112 1326 1212 1420 regni
1227 1340 1262 1397 et

200 1435 432 1534 periclitantis
444 1437 496 1508 rei
509 1435 660 1535 publicae
669 1435 829 1532 ejusdem
845 1437 981 1508 statuin
996 1439 1122 1512 melius
1130 1441 1263 1514 instau-

200 1555 315 1630 raudo
331 1555 536 1653 conjuratos
552 1569 589 1626 et
603 1553 780 1626 adunatos
796 1552 956 1648 vidisset,
975 1555 1073 1652 quod
1093 1572 1128 1629 et
1144 1559 1262 1655 palent

200 1695 244 1745 ex
257 1671 445 1744 stomacho
461 1671 634 1762 evomuit,
652 1667 752 1766 quod
774 1667 956 1745 non'bene
972 1695 1089 1769 neque
1113 1671 1262 1746 fideliter

200 1784 269 1860 sihi
291 1788 480 1861 consilium
506 1787 594 1859 olim
618 1784 833 1859 dederamus
855 1786 955 1885 quod
976 1806 1169 1861 numerum
1194 1790 1263 1862 mi·

200 1902 282 1977 litias
298 1928 369 1976 suae
386 1902 566 1976 moderari
578 1916 615 1975 et
629 1900 830 1974 diminuere
849 1901 1008 1976 deberet.
1031 1905 1144 2001 Hujus
1164 1908 1263 1979 enim

200 2017 252 2091 mi
263 2019 379 2114 >gradu
400 2035 548 2111 extunc,
566 2042 652 2090 cum
666 2041 705 2090 se
725 2017 772 2091 ad
792 2018 909 2092 civilia
924 2018 1020 2092 belia
1035 2023 1264 2095 convertisset

200 2133 332 2231 quibus
348 2160 499 2232 regnum
513 2147 631 2208 totum
647 2132 890 2227 vehementer,
911 2134 1005 2235 proh
1022 2135 1147 2208 dolor!
1174 2162 1262 2211 con·

201 2267 407 2350 quassatum
428 2267 534 2328 estet
552 2257 736 2348 attritum,
753 2276 895 2354 semper
911 2251 1100 2325 adversum
1117 2277 1185 2326 nos
1206 2254 1265 2327 in-

201 2367 446 2467 dignationem
463 2370 590 2444 habuit
608 2387 645 2445 et
673 2370 858 2446 servavitt
883 2369 986 2467 quasi
1011 2369 1086 2465 jam
1111 2384 1261 2462 extunc,

201 2486 286 2557 cum
312 2483 520 2582 hujusmodi
550 2476 739 2560 consilinm
769 2483 837 2558 sibi
868 2486 1073 2583 exposcenti
1100 2483 1265 2559 dedimus

201 2599 316 2698 (quod
336 2601 401 2675 suit
416 2626 500 2675 cum
518 2605 677 2702 primum
692 2603 827 2698 regiam
843 2623 945 2673 suern
955 2601 1188 2673 Parisiensem
1199 2627 1265 2673 ur·
1323 2665 1338 2697 ,

202 2713 288 2790 bem
302 2717 480 2810 introivit,
504 2720 710 2792 vanienses
733 2716 851 2789 Remis
872 2714 936 2788 ubi
952 2739 1059 2788 secne
1084 2717 1265 2789 unctionis

202 2860 333 2908 munus
346 2837 555 2935 receperat),
570 2836 726 2933 cogitare
742 2856 927 2934 possemus
937 2832 994 2905 vel
1009 2832 1109 2930 quod
1129 2832 1196 2904 sibi
1213 2834 1266 2905 in·
1359 2906 1369 2918 ,

203 2952 299 3044 ferri,
322 2953 419 3025 vela
444 2978 481 3024 se
506 2967 632 3025 contra
648 2952 830 3049 sanguinis
844 2951 900 3023 sui
918 2951 1097 3049 principes
1119 2975 1265 3049 promo·

202 3069 277 3141 veri
302 3083 337 3140 et
363 3070 522 3142 suscitari
539 3068 712 3142 deberent
727 3067 822 3140 bella
843 3067 975 3157 civilia,
1004 3068 1065 3163 qui
1089 3068 1121 3138 ei
1138 3092 1264 3140 omnes

203 3199 289 3257 tunc
306 3201 405 3259 tanta
424 3186 664 3260 benivolentia
683 3200 718 3258 et
740 3184 884 3257 caritate
904 3183 1085 3280 conjuncti
1108 3199 1143 3257 et
1166 3199 1264 3263 tanta

202 3303 352 3404 parendi
370 3320 405 3377 et
420 3302 643 3402 obsequendi
655 3300 937 3401 promptitudine
954 3300 1104 3371 connexi
1119 3325 1194 3373 esse
1216 3299 1263 3372 ab

203 3419 372 3492 omnibus
385 3416 621 3518 putabantur!
649 3417 720 3490 Sed
740 3431 835 3489 certe
857 3440 973 3513 neque
990 3440 1126 3487 novum
1147 3440 1263 3519 neque

201 3561 326 3610 reeens
346 3550 398 3609 est
416 3536 515 3634 quod
533 3536 687 3632 tragicus
706 3535 835 3607 cecinit
852 3560 861 3602 ε

293 3720 439 3807 Oderunt
451 3743 535 3814 saepe
548 3743 638 3813 reges
650 3719 736 3795 dicta
751 3742 823 3815 quae
838 3717 901 3786 dici
910 3717 1039 3806 submit

200 3903 291 3978 ittud
314 3904 422 3989 etiarn
440 3900 539 4003 quod
560 3899 705 4002 insignis
727 3897 1035 3997 historiographus
1056 3898 1198 3998 Crispus
1223 3897 1260 3971 in

201 4020 448 4117 conjuratione
474 4017 572 4091 Lucii
594 4014 752 4100 Catilinae
774 4015 951 4113 eleganter
970 4015 1032 4093 ait.
1053 4043 1072 4081 α
1093 4016 1183 4089 Nam
1207 4037 1262 4086 re·

202 4135 324 4233 gibus,
347 4135 510 4233 sinque,
536 4163 553 4202 a
583 4132 672 4206 boni
690 4155 799 4233 quarn
819 4130 904 4205 mali
923 4131 1157 4228 suspectiores
1178 4144 1262 4203 sunt
1351 4180 1358 4196 .

201 4277 356 4351 semper,
374 4274 584 4350 semperque
599 4249 655 4321 his
669 4246 784 4322 aliena
795 4247 906 4320 virtus
916 4244 1150 4319 formidolosa
1162 4260 1258 4319 est.»
