2896 5070
191 480 247 538 328
612 475 819 544 aromata.

188 607 285 707 apud
293 607 470 679 Treverim
482 606 757 704 linemperlatae
766 606 923 698 fuissent,
937 607 1049 677 risum
1062 607 1121 678 vix
1134 621 1248 681 tenere

191 723 388 821 potuimus,
414 720 514 818 quod
539 720 648 816 aliqui
670 735 744 792 tam
768 720 974 818 insipientes
995 726 1063 792 nos
1082 722 1249 794 estimare

190 839 388 938 potuissent
398 836 496 934 quod
508 835 575 909 sub
590 837 651 909 tali
665 851 810 934 tamque
823 835 937 909 cruda
952 861 1019 909 nos
1029 838 1251 912 committere

189 953 399 1027 deberemus
420 953 600 1045 cautione,
615 976 705 1050 'quae
732 977 807 1026 non
832 951 930 1026 aliud
954 951 1127 1027 afferebat
1146 979 1252 1053 quam

189 1093 313 1141 secure
339 1093 406 1142 nos
419 1066 775 1191 -captivnsOreddere,
792 1081 829 1142 et
852 1067 915 1140 tali
935 1056 1080 1142 carcere
1095 1069 1145 1142 ad
1166 1072 1254 1167 regis

190 1186 411 1258 voluntatem
424 1208 491 1257 nos
501 1198 637 1257 arctare
645 1186 757 1282 'atque
772 1183 939 1258 claudere
948 1181 1150 1283 possemus'.
1165 1188 1254 1259 Sane

189 1328 272 1375 cum
290 1303 388 1390 alias,
407 1317 447 1373 ut
465 1325 572 1400 supra
594 1303 834 1395 narravimus,
853 1301 920 1377 sub
936 1303 1145 1402 plenissima
1160 1331 1254 1379 secu·

189 1421 310 1510 ritate,
343 1441 421 1517 quae
447 1416 645 1516 plenariam
666 1419 774 1490 etiam
796 1419 1057 1492 restitutionem
1080 1421 1255 1493 omnimo·

190 1534 344 1632 demque
355 1532 554 1607 libertatem
567 1534 804 1632 polliceretur,
824 1536 966 1628 reversi,
982 1536 1074 1607 nihil
1087 1535 1255 1611 observa·-

189 1658 267 1721 tum
286 1649 392 1722 nobis
407 1648 504 1742 fidei,
523 1648 587 1722 sed
604 1650 788 1723 dumtaxat
806 1650 1077 1749 proscriptionis
1091 1652 1255 1748 injuriam

191 1794 276 1842 cum
290 1766 438 1839 infinitis
450 1766 595 1862 jacturis
612 1780 648 1838 et
665 1765 907 1839 incommodis
918 1766 1179 1862 invenerimus,
1194 1771 1256 1841 mi·

192 1910 274 1957 rum
288 1897 341 1955 est
354 1882 541 1979 quomodo
556 1881 612 1954 vel
627 1881 688 1954 ille
703 1880 885 1976 dominus,
903 1881 960 1955 vel
978 1883 1040 1954 alii
1056 1886 1256 1979 quivistam

192 1999 496 2073 inconsiderantes
510 2012 623 2090 erant,
638 1996 738 2094 quod
753 2011 918 2096 putarent
927 1999 1024 2070 ultro
1039 1998 1105 2070 tali
1117 2013 1256 2098 tamque

187 2116 340 2213 ‚ancipiti
361 2115 450 2187 velle
472 2138 539 2186 nos
561 2095 658 2211 ipsos
679 2136 821 2186 carcere
845 2112 1107 2212 praedamnare.
1128 2119 1256 2189 Vemm

194 2255 240 2302 ne
265 2230 454 2326 quisquam
476 2229 650 2302 existimet
665 2230 783 2327 ipsum
802 2228 992 2302 dominum
1018 2234 1255 2305 comitem³iu

194 2343 442 2441 hujuscemodi
471 2369 537 2442 pro
564 2343 670 2416 nobis
698 2345 973 2440 interventione,
998 2345 1064 2419 ob·
1078 2348 1255 2422 honorarii

196 2459 394 2549 detectum,
414 2461 533 2532 minus
554 2485 647 2533 curae
672 2484 783 2558 quam
809 2477 1028 2560 reposceret,
1047 2467 1255 2563 suscepisse,

194 2576 475 2675 amplioremque
501 2576 649 2671 gratiam
673 2575 788 2649 luisse*
802 2593 1069 2676 reportaturum
1092 2604 1115 2653 a
1137 2582 1256 2677 regesi

196 2692 324 2764 salario
354 2692 427 2765 sive
459 2692 657 2765 honorario
683 2692 815 2768 idoneo
844 2711 1094 2768 remuneratus
1123 2698 1255 2789 fuisset,

195 2823 290 2881 certe
313 2810 389 2907 ipse
413 2807 564 2907 proinde
588 2808 633 2883 de
658 2807 764 2882 bonis
787 2813 917 2884 nostris
939 2813 1014 2885 duo
1042 2813 1141 2886 mille
1166 2824 1257 2887 scuta

197 2926 274 2998 auri
287 2924 431 3014 habuit3
445 2950 512 2997 nec
529 2941 648 3014 tamen
663 2927 887 3026 ampliorem,
905 2951 1015 3026 quam
1034 2957 1145 3030 supra
1163 2957 1184 3005 a
1199 2957 1258 3004 no·

196 3041 252 3114 bis
267 3042 416 3115 relatum
429 3056 493 3133 est,
511 3044 659 3138 gratiam
673 3047 877 3142 reportavit.

528 3321 782 3394 CAPITULUM
807 3325 931 3393 xxflt

276 3511 400 3583 Objectio
411 3519 504 3565 nonna
517 3512 699 3573 exeusationes
709 3512 863 3583 premissas,
877 3526 902 3568 et
912 3513 948 3567 ad
958 3533 1018 3568 eam
1030 3518 1182 3589 responsio.

248 3687 319 3758 Sed
333 3686 476 3785 objiciet
492 3686 598 3764 nobis
614 3689 759 3764 fortasse
774 3692 1066 3790 quispiamquod
1085 3695 1193 3773 nimis
1205 3717 1258 3792 pa·

201 3803 286 3894 vidi,
305 3804 410 3874 nimis
427 3803 651 3876 formidolosi
665 3808 887 3904 nimiumque
904 3808 949 3878 de
966 3833 1050 3904 rege
1064 3809 1258 3880 diffidentes

202 3918 342 3990 suimus.
363 3920 463 3991 Multi
480 3921 577 3991 enim
591 3946 632 3992 ex
648 3922 690 3993 iis
706 3924 769 4018 qui
785 3948 956 4018 germano
972 3950 1038 3996 suo
1059 3928 1257 4024 caeterisque

199 4034 266 4105 sibi
295 4051 420 4108 contra
443 4060 518 4108 sese
548 4038 742 4133 conjuratis
768 4040 989 4139 principibus
1017 4043 1254 4130 adheserant,

242 4235 270 4287 l.
293 4229 379 4288 Iouis
393 4229 430 4289 de
442 4229 584 4290 Chttillon
598 4233 704 4308 portait
716 4231 745 4290 le
758 4233 824 4292 titre
838 4233 875 4292 de
889 4233 965 4303 sire,
984 4245 1014 4291 et
1028 4250 1090 4292 non
1106 4235 1143 4293 de
1156 4245 1252 4292 comte.
