2946 5070
595 442 706 532 nram
725 473 875 532 minus.
1203 474 1261 533 ars

200 607 395 704 aliquando
412 608 583 693 ,notitiam
609 605 830 697 babuerun13
852 608 915 703 qui
935 631 1010 678 non
1027 607 1141 680 modo
1159 606 1269 682 fidem
1339 664 1344 671 .

200 722 324 801 talium
354 722 701 822 improbissimorum
726 721 950 800 nebulonum
977 719 1173 818 figmentis,
1207 723 1270 799 sed

200 862 268 910 nec
292 839 348 913 vel
373 839 558 939 minimam
586 838 632 933 gie
660 836 766 910 nobis
788 839 1004 911 contrariam
1030 839 1270 937 suspicionem

200 953 353 1050 proinde
364 952 507 1026 babere
521 978 586 1026 seu
601 956 639 1025 in
655 976 735 1026 eam
750 953 887 1025 adduci
895 960 1102 1052 potuerunt.

244 1067 356 1159 ⁴Unde
368 1084 404 1141 et
416 1071 536 1168 ipsum
547 1093 681 1165 regem,
698 1071 782 1142 licet
797 1082 881 1142 tunc
893 1071 991 1161 talia,
1008 1093 1087 1168 quae
1101 1070 1267 1164 diximus,

201 1186 400 1258 evomuerit
417 1184 540 1277 verba,
558 1185 774 1285 importunis
791 1185 962 1258 salsorum
980 1186 1181 1259 delatorum
1194 1211 1271 1283 sug-

201 1301 422 1399 gestionibus
438 1303 595 1399 quadam
612 1302 710 1376 veltit
726 1303 817 1374 latria
832 1325 1019 1396 accensus,
1036 1327 1111 1375 non
1128 1303 1271 1376 dubita·

201 1443 283 1491 mus
297 1419 489 1516 umrquilla
511 1416 630 1509 me'nte
648 1420 808 1493 omnino·
819 1419 921 1493 aliter
936 1418 983 1491 de
1004 1417 1110 1491 nobis
1126 1420 1268 1491 sentire.

203 1539 293 1627 Nam
308 1549 344 1607 et
359 1560 456 1628 cum,
472 1551 553 1633 post
568 1535 895 1608 reconciliationem
913 1535 1156 1630 germanisui,
1170 1535 1272 1608 ducis

201 1649 417 1745 Aquitaniae,
439 1649 485 1720 ad
504 1674 541 1721 se
560 1650 706 1724 modico
726 1651 810 1723 satis
829 1662 911 1749 post
929 1664 1092 1746 tempore
1109 1650 1269 1743 saetam,

202 1778 270 1865 pro
288 1764 483 1861 nobismgi
506 1790 638 1863 magno
656 1790 740 1846 cum
756 1764 887 1837 allectu
903 1763 1015 1837 verba
1026 1765 1143 1839 semel
1164 1780 1272 1863 atque

202 1883 345 1976 iterum,
364 1906 432 1981 pro
449 1905 514 1954 sua
528 1883 665 1979 ingenti
682 1880 730 1954 ad
749 1904 816 1954 nos
832 1881 996 1970 caritate,
1015 1884 1091 1981 ipse
1107 1881 1273 1954 illustris-

202 1999 313 2071 simus
328 1999 402 2071 dux
425 1999 567 2092 laceret,
585 2023 741 2096 eumque
752 1998 989 2071 uehementer
1005 2013 1199 2098 premeret,
1220 1999 1273 2073 di·

202 2139 289 2187 cens
309 2140 348 2187 se
370 2115 470 2187 nullo
484 2115 598 2187 modo
614 2115 814 2214 plenariam
830 2122 990 2188 nostram
1011 2116 1272 2191 restitutionem

202 2233 363 2306 abnume
387 2256 514 2341 posse,
534 2256 644 2331 quam
665 2231 769 2318 sibi
759 2256 796 2303 m
817 2231 950 2304 loedere
974 2227 1273 2308 reconciliationis

203 2349 446 2447 plenissimam
459 2371 527 2447 pro
542 2347 712 2423 omnibus
723 2373 785 2446 qm
772 2347 954 2446 partibus
963 2349 1035 2420 suis
1045 2338 1278 2422 adhaesissent

203 2466 260 2539 vel
276 2466 459 2559 favissent,
479 2491 516 2537 se
535 2466 712 2565 iacturum
737 2476 961 2538 sacramento
982 2464 1187 2558 finnasset¹‚
1211 2492 1272 2539 rex

204 2581 250 2654 de
272 2581 480 2677 hujusmodi
505 2582 543 2652 in
569 2561 694 2654 necem
716 2582 792 2678 ejus
816 2581 1083 2681 machinatione
1100 2607 1167 2655 nec
1185 2596 1274 2680 tunc

192 2686 272 2769 'nec
290 2712 414 2796 postea
435 2696 587 2770 verbum
615 2698 748 2787 ullum,
773 2696 874 2794 quod
898 2716 1004 2770 nosse
1028 2700 1282 2797 potuerimus·

206 2811 300 2906 lecit,
313 2813 398 2886 licet
409 2814 668 2895 testicationem
686 2812 793 2885 nobis
806 2813 920 2886 labere
931 2814 1056 2910 (quam
1069 2814 1168 2885 idem
1176 2815 1275 2887 illus·

205 2929 377 3002 trissimus
393 2929 467 3001 dux
489 2931 575 3001 totis
600 2927 885 3029 prosequebatur
900 2927 1059 3022 uiribus,
1081 2930 1274 3003 certissime

206 3065 426 3142 cognoscens
446 3047 501 3128 sui
526 3046 637 3118 solius
660 3031 767 3118 causa
792 3045 973 3140 regis-nos
993 3045 1195 3118 inimicitias
1217 3046 1273 3117 in·

206 3163 372 3255 currisse,
390 3175 434 3253 et,
451 3187 597 3234 omnem
621 3183 731 3257 quam
756 3159 978 3233 subieramus
1004 3161 1273 3260 proscriptionis

206 3279 373 3376 injuriam
393 3280 647 3377 bonorumque
664 3280 839 3376 jacturam
858 3280 912 3352 sui
932 3282 1044 3376 gratia
1067 3281 1172 3353 luisse
1196 3306 1275 3381 per·¹

206 3396 343 3496 ρθεεοε)
359 3397 637 3495 pertinacissime
661 3396 847 3489 recusarit,
871 3418 946 3469 non
970 3397 1103 3470 veritus
1125 3411 1199 3471 tam
1218 3422 1274 3470 so·

207 3510 372 3585 lemniter
392 3537 414 3585 a
431 3538 473 3585 se
493 3514 669 3611 promissa
688 3527 724 3585 et
744 3504 967 3586 sacramento
987 3511 1176 3613 roborata,
1197 3532 1272 3586 non

249 3857 280 3913 1.
302 3858 349 3912 Au
361 3852 435 3913 mois
449 3851 487 3915 de
502 3851 666 3931 septembre
680 3838 771 3914 1189.
848 3881 851 3887 ·

248 3950 279 4023 2.
301 3946 455 4007 Allusion
446 3967 463 4003 a
475 3945 494 4005 l’
496 3943 635 4015 abolition
652 3946 787 4026 generale
799 3968 857 4027 que
869 3947 898 4006 lc
911 3966 957 4009 ror
947 3945 1096 4009 accorda
1111 3965 1170 4006 aux
1183 3897 1272 4006 ailbe-

210 4054 289 4101 rents
302 4041 383 4101 dn
358 4061 401 4103 cr-
386 4040 511 4101 -devant
534 4039 590 4101 duc
608 4039 645 4099 de
662 4042 852 4115 llormandie,
873 4061 926 4123 par
939 4041 1037 4103 lettres
1054 4052 1185 4120 patentes
1197 4038 1273 4098 don-

208 4138 470 4218 nesslBeangeau
480 4123 551 4195 mo'is
562 4134 599 4194 de
613 4154 669 4193 mar
661 4122 768 4195 lact.
781 4134 917 4214 Lenglet·
905 4135 1095 4211 ·Dulresnoy‚
1105 4136 1271 4207 commines,

208 4234 438 4312 r.,n1p..taa
