2946 5070
592 512 700 568 LIBER
721 512 873 570 SEXTUS.
1206 514 1265 569 tun

199 643 320 714 tannis
348 666 514 738 magnam
541 641 807 714 multitudinem
836 643 872 712 in
903 642 974 714 suis
1002 642 1160 737 saginare
1188 667 1265 740 pas-

199 758 320 829 cuosis
345 770 380 828 et
402 756 618 856 palustribus
642 756 742 829 locis.
763 754 916 829 Aiebant
936 753 1111 828 abductos
1136 756 1261 848 fuisse,

199 889 326 974 praeter
339 875 408 946 alia
424 874 536 947 multa
552 899 631 972 quae
652 874 689 945 in
706 873 863 974 praedam
888 873 1047 945 similiter
1062 887 1261 964 cesserunt,

199 1013 307 1088 super
331 988 427 1063 mille
449 1004 485 1061 et
509 990 683 1061 ducentos
699 987 834 1080 boves,
858 989 920 1084 qui
932 990 1007 1083 jam
1024 987 1071 1060 ad
1085 986 1265 1059 deducen-

198 1104 289 1177 dum
315 1105 362 1178 ad
395 1105 575 1179 nundinas
594 1095 877 1204 hujusc’e[modi]
898 1120 1162 1196 armentorum,
1187 1130 1266 1203 quae

199 1221 327 1293 iisdem
346 1221 571 1321 temporibus
587 1221 759 1295 celebrari
775 1221 892 1296 solent
908 1223 945 1292 in
962 1222 1139 1319 plerisque
1154 1222 1262 1314 locis,

198 1339 330 1411 maturi
348 1353 456 1436 atque
473 1341 587 1439 parati
601 1356 713 1412 erant.

249 1453 319 1526 Sed
345 1452 593 1550 hujuscemodi
620 1456 819 1528 calamitate
848 1454 927 1526 licet
959 1455 1111 1551 graviter
1137 1454 1262 1546 attriti,

199 1569 314 1642 nihilo
331 1584 448 1642 tamen
466 1569 615 1668 [minus]
632 1571 858 1666 magistratus
882 1569 1006 1668 oppidi
1025 1595 1087 1642 seu
1104 1569 1266 1642 factionis

199 1683 310 1756 duces
329 1684 476 1756 emolliti
502 1701 604 1778 sunt,
634 1685 697 1758 sed
721 1709 860 1784 semper
889 1686 1001 1782 magis
1028 1709 1071 1758 ac
1096 1686 1208 1782 magis
1228 1686 1265 1756 in

198 1798 430 1873 acerbitatem
453 1801 528 1872 odii
554 1818 661 1898 atque
682 1792 948 1873 inimicitiarum
967 1803 1004 1872 in
1026 1825 1130 1873 suum
1146 1802 1266 1899 ponti-

199 1916 305 1989 ficem
333 1933 369 1990 et
395 1931 575 2016 pastorem
606 1930 834 2006 exarsemnt,
856 1917 936 1989 licet
965 1942 1031 1988 nec
1057 1918 1185 2011 tdlam,
1213 1920 1266 1990 vel

199 2034 387 2106 minimam
405 2034 654 2129 hujuscemodi
677 2033 752 2105 odii
777 2032 1001 2132 probabilem
1018 2035 1100 2106 satis
1122 2058 1266 2106 causam

199 2149 319 2221 dicere
338 2151 392 2222 vel
410 2150 611 2249 approbare
628 2151 846 2249 potuissent3
866 2175 949 2223 curn
967 2151 1125 2249 prolecto
1140 2151 1267 2246 justius
1384 2159 1389 2167 '

199 2290 243 2338 ac
271 2267 390 2339 verius
419 2268 527 2340 etde
555 2268 639 2366 ipsis
667 2267 949 2362 Trajectensibus
981 2266 1078 2338 idem
1108 2266 1266 2365 pontifex

200 2381 319 2454 dicere
340 2397 481 2482 poterat
503 2383 602 2482 quod
626 2383 671 2455 de
695 2384 821 2480 iniquo
840 2383 1044 2456 tudaeorum
1065 2385 1101 2455 in
1126 2408 1163 2455 se
1181 2382 1266 2455 odio

200 2496 362 2572 Salvator
376 2514 497 2572 noster
513 2497 622 2590 dixit,
642 2499 999 2595 quemadmodumin
1013 2499 1198 2594 evangelio
1212 2502 1268 2571 Jo-

200 2611 330 2706 hannis
345 2615 511 2712 legimus:
532 2646 549 2681 a
567 2615 661 2687 Odio
676 2617 801 2713 iniquo
816 2616 1020 2689 habuerunt
1035 2642 1091 2688 me
1109 2617 1232 2711 gratis;
1246 2645 1265 2683 n

201 2745 236 2801 et
247 2731 347 2827 quod
363 2735 400 2804 in
417 2733 555 2831 psalmo
570 2733 614 2804 de
628 2758 673 2805 eo
686 2718 868 2804 cantatur:
886 2762 903 2800 u
916 2733 1010 2819 Quia
1023 2729 1269 2803 retribuebant

202 2846 289 2918 mibi
310 2847 405 2920 mala
422 2872 489 2945 pro
505 2846 634 2937 bonis;
657 2881 674 2914 »
694 2864 728 2919 et
744 2848 898 2946 plurima
914 2846 1176 2944 hujuscemodi.

250 2965 486 3035 Procurrente
518 2979 637 3037 autem
673 2962 921 3059 hujuscemodi
955 2962 1125 3034 odiorum
1161 2976 1268 3058 atque

201 3079 467 3152 inimicitiarum
488 3079 587 3153 rabie
611 3104 652 3152 ac
673 3079 810 3168 surore,
837 3078 900 3149 diu
922 3078 1044 3149 civitas
1063 3072 1267 3174 Trajecten-

202 3197 318 3288 sium,
350 3194 416 3269 sub
452 3196 591 3268 caristia
624 3219 777 3266 annonae
812 3194 1118 3292 plurimarumque
1148 3210 1267 3267 rerum

201 3312 363 3387 humano
386 3314 466 3385 usui
489 3313 767 3385 necessariarum
794 3311 960 3383 atrociter
984 3326 1147 3406 gravata,
1170 3310 1267 3382 elan·

203 3430 296 3526 guit,
314 3444 350 3501 et
368 3429 460 3501 fame
476 3445 533 3521 et,
553 3453 633 3524 quae
653 3427 737 3498 inde
761 3427 857 3498 nasci
874 3427 1012 3519 solent,
1028 3427 1135 3499 variis
1151 3424 1268 3497 homi·

203 3570 291 3615 num
310 3544 505 3637 mortibus,
524 3543 660 3616 morbis
677 3558 783 3640 atque
801 3541 1070 3639 egritudinibus
1094 3541 1264 3614 extabuit.

202 3666 254 3734 lta
270 3662 369 3732 enirn
397 3662 546 3733 invaluit
570 3661 696 3752 sames,
722 3657 770 3731 ob
797 3660 974 3732 caristiam
1001 3659 1209 3730 victualium
1234 3673 1268 3729 et

202 3778 428 3878 pauperiem,
445 3801 555 3874 quam
568 3775 665 3875 apud
676 3776 848 3871 majorem
860 3775 985 3874 populi
1003 3774 1268 3846 multitudinem

202 3895 303 3967 furor
332 3892 481 3966 bellicus
507 3895 733 3992 importarat,
762 3907 803 3963 ut
831 3891 966 3988 ubique
998 3915 1062 3988 per
1098 3891 1196 3962 vicos
1234 3905 1268 3960 et

204 4010 338 4108 plateas
358 4010 425 4082 viri
447 4034 489 4082 ac
515 4010 697 4101 mtdieres,
715 4006 777 4080 sed
793 4009 927 4103 majore
945 4031 1096 4080 numero
1112 4007 1213 4104 pueri
1233 4021 1268 4077 et

204 4125 375 4219 infantes,
391 4126 487 4213 velut
503 4124 716 4197 simulachra
733 4149 796 4195 seu
816 4138 1042 4195 mortuorum
1061 4120 1197 4193 umbre
1212 4147 1269 4192 su·

204 4265 268 4338 per
285 4257 416 4313 terram
431 4240 655 4314 ambulantes
666 4241 785 4339 potius
800 4253 1020 4338 putarentur.
1249 4227 1251 4233 ¹
