2946 5070
324 453 362 512 36
593 451 850 512 fflsronlnuun
870 453 1046 511 Lunovtct
1066 453 1109 510 x1

373 582 571 674 Habuerat,
593 597 673 681 post
691 583 991 681 expugnationem
1010 583 1135 683 oppidi
1151 581 1197 655 de
1216 586 1380 677 Avennis,

324 703 481 801 plurium
497 700 673 771 mensium
689 701 798 771 aestivi
812 701 982 798 temporis
995 701 1171 797 spatium,
1189 717 1382 799 autequam

324 819 600 909 Maximilianus,
621 816 715 890 filius
731 819 975 916 imperatoris,
993 818 1216 911 adventaret,
1237 818 1381 917 quibus,

325 936 425 1008 nullo
433 960 533 1034 paene
550 934 695 1031 negotio
711 948 817 1031 atquc
831 934 1003 1032 pericula
1022 934 1287 1016 totumbellum
1302 959 1384 1007 con·

324 1051 429 1124 licere
445 1066 481 1124 et
501 1052 624 1123 omnia
645 1050 786 1121 illamm
809 1066 982 1122 terrarum
998 1051 1235 1146 insignissima
1250 1038 1384 1149 oppida

324 1166 392 1239 sibi
403 1166 565 1263 subigere
581 1167 770 1264 potuisset,
785 1191 867 1237 cum
885 1166 1036 1262 ubique,
1055 1167 1108 1237 uti
1123 1165 1290 1257 diximus,
1311 1192 1383 1238 non

325 1286 521 1358 defensioni
537 1285 679 1382 patriae,
705 1309 779 1355 non
803 1283 966 1380 cogendo
991 1285 1157 1356 exercitui
1177 1284 1232 1354 vel
1253 1307 1384 1385 parau-

325 1400 380 1472 dis
402 1401 449 1473 ad
472 1399 706 1474 resistendum
731 1400 1007 1472 necessariarum
1032 1423 1150 1471 rerum
1174 1399 1383 1470 munitioni·

325 1516 405 1608 bus,
423 1516 486 1588 sed
506 1516 589 1588 solis
610 1516 700 1586 inter
716 1539 752 1585 se
769 1515 995 1586 tumultuosis
1018 1513 1252 1587 seditionibus
1274 1516 1386 1587 inten-

328 1631 481 1703 deretur.
502 1629 572 1701 Sed
590 1631 710 1701 nescio
723 1653 795 1726 qua
813 1652 919 1702 causa
932 1654 1047 1728 quave
1063 1631 1219 1723 ratione,
1236 1631 1305 1702 nisi
1316 1629 1386 1702 boc

324 1747 401 1817 sola
415 1745 479 1815 Dei
497 1745 685 1816 clementia
700 1759 807 1839 atque
821 1743 1048 1816 miseratione
1062 1743 1287 1842 providente,
1299 1759 1387 1816 tem·

325 1856 422 1955 poris
437 1854 505 1926 sibi
519 1856 673 1927 maxime
690 1854 883 1952 opportuni
893 1853 1082 1927 decursum
1098 1856 1218 1928 sinens
1234 1857 1312 1953 ipse
1328 1879 1386 1928 rex

326 1966 523 2064 preterire,
538 1965 745 2063 obtorpuit,
765 1964 881 2038 donec
898 1964 993 2037 idem
1010 1965 1270 2038 Maximilianus
1283 1964 1389 2037 adve-

326 2085 435 2170 niret,
453 2089 571 2180 etjam
583 2105 683 2179 paene
696 2081 881 2153 transactis
897 2080 1022 2152 aestivis
1036 2081 1230 2175 mensibus,
1247 2081 1388 2155 hiberni

327 2198 496 2296 temporis
514 2197 673 2269 conditio
691 2196 819 2292 agendi
827 2222 905 2293 quae
917 2211 1063 2295 perante
1080 2197 1180 2270 facile
1196 2182 1385 2296 potuisset,

326 2328 362 2386 et
382 2314 686 2412 opportunitatem
704 2312 876 2405 auferret,
897 2327 930 2385 et
956 2329 1084 2386 cuncta
1099 2313 1265 2387 redderet
1283 2316 1389 2412 longe

328 2428 541 2501 difficiliora.
563 2433 652 2499 Nam
668 2453 751 2499 cum
765 2430 970 2501 autumnale
987 2444 1139 2528 tempus,
1156 2408 1312 2529 copiosis
1329 2434 1390 2503 im-

327 2544 455 2616 bribus
468 2543 601 2634 effusis,
620 2556 730 2614 terras
745 2543 834 2634 illas,
851 2545 1004 2616 maxime
1021 2544 1209 2637 Flandriae,
1226 2546 1275 2618 ad
1291 2549 1390 2644 equi·

328 2659 479 2733 tandum
496 2673 532 2730 et
545 2655 760 2730 vectandum
776 2656 952 2732 inhabiles
971 2658 1198 2750 reddidisset,
1215 2685 1291 2733 non
1308 2661 1389 2735 abs·

329 2800 400 2873 que
417 2775 554 2870 magnis
572 2773 839 2845 difficultatibus
856 2788 892 2846 et
908 2775 1074 2872 periculis
1103 2775 1174 2847 illic
1195 2780 1391 2851 exercitum

329 2917 435 2964 suum
457 2890 640 2964 effundere
666 2915 728 2962 seu
763 2906 877 2963 castra
906 2892 1031 2964 metari
1063 2905 1099 2964 et
1125 2890 1301 2968 collocare
1328 2920 1392 2994 po·

332 3010 465 3080 tuisset.

380 3129 461 3196 Non
495 3123 676 3196 desierunt
687 3139 806 3195 tamen
845 3122 986 3212 milites,
1020 3148 1111 3219 quos
1141 3125 1178 3197 in
1208 3125 1392 3199 liminibus

332 3239 503 3312 Flandriae
534 3253 569 3310 et
602 3239 799 3312 Hannoniae
824 3262 890 3335 pro
924 3238 1087 3336 praesidio
1121 3254 1307 3336 statuerat,
1336 3245 1393 3314 in-

333 3380 492 3448 cursare,
520 3356 686 3428 incendia
711 3370 747 3428 et
781 3355 916 3453 praedas
943 3380 1060 3452 agere.
1087 3361 1130 3429 Et
1159 3383 1242 3431 cum
1268 3361 1304 3431 in
1333 3360 1393 3432 illa

333 3472 498 3545 Flandria
526 3470 709 3565 inferiore,
737 3472 830 3543 circa
864 3472 1285 3566 Sanctum-Odomarum,
1318 3476 1393 3548 Fla·

334 3588 446 3684 mingi
462 3586 529 3659 sub
543 3589 702 3683 quodam
716 3587 827 3663 milite
841 3588 1025 3684 indigena,
1042 3606 1284 3686 cognomento
1295 3596 1394 3664 Suet·

338 3706 508 3800 teleuyse¹,
527 3704 686 3792 collecti,
713 3730 777 3802 per
800 3706 886 3776 certi
903 3707 1075 3805 temporis
1097 3709 1247 3805 spatium
1267 3735 1393 3809 quem·

337 3822 421 3894 dam
444 3820 563 3918 patriae
591 3819 757 3910 limitem,
786 3847 894 3918 quem
923 3826 1266 3920 Novum-Aggerem²
1288 3827 1393 3922 vulgo

378 4015 407 4069 l.
430 4011 561 4090 Corrigez
577 4013 764 4088 Steenlruysc5
778 4014 849 4073 mais
867 4017 938 4072 Jean
953 4013 989 4072 de
1000 4017 1119 4095 Bruges,
1134 4016 1233 4094 prince
1246 4016 1283 4076 de
1295 4022 1393 4079 Steen·

339 4104 445 4182 buyse,
460 4105 539 4164 a-t-il
555 4105 621 4164 bien
635 4106 804 4166 commende
818 4109 859 4166 les
872 4107 979 4167 milices
993 4108 1174 4168 flamandesi'·

379 4201 409 4259 2.
431 4200 626 4280 Nieuwendyk
636 4203 954 4273 onnus-rosseum!
964 4203 1161 4282 quivad’nre
1173 4208 1190 4264 a
1204 4205 1393 4270 saint-osne.
