2946 5070
318 491 376 546 ¹80
587 486 844 544 utstotttttttttt
862 485 1040 541 tunovtffl
1058 483 1103 538 xl

316 611 479 683 codicem
503 612 619 707 ipsum
641 608 905 703 evangeliorum
929 606 1060 701 tetigit;
1087 605 1135 675 ita
1151 618 1192 674 ut
1216 605 1376 675 ridentes

315 749 338 798 a
359 727 431 797 risu
447 741 644 823 temperare
664 747 738 794 non
760 737 923 820 possent,
943 736 976 793 et
997 746 1081 791 eum
1103 719 1374 817 quodammodo

318 840 414 912 velut
429 839 580 911 delirum
594 838 846 908 existimarent.

364 956 474 1028 Multa
489 971 524 1027 et
548 955 617 1026 alia
632 954 757 1024 similia
783 978 873 1050 saepe
892 952 938 1024 ab
958 951 1087 1023 eodem
1113 951 1204 1022 lacta
1224 965 1261 1021 et
1283 949 1375 1024 dicta

313 1073 461 1167 longum
478 1086 568 1143 esset
584 1086 619 1141 et
632 1070 815 1141 taediosum
832 1068 974 1139 referre.
992 1072 1042 1138 Er
1067 1065 1219 1164 quibus,
1242 1081 1375 1161 quanta

312 1189 495 1284 qualisque
523 1188 558 1257 in
588 1187 664 1256 viro
693 1185 842 1280 gravitas
868 1198 975 1280 atque
1007 1182 1195 1281 prudentia
1225 1182 1372 1275 inesset,

310 1305 447 1401 liquido
470 1317 621 1374 constat.
645 1306 732 1389 Quae
749 1300 914 1396 quidem,
939 1300 1003 1371 etsi
1020 1299 1132 1393 magis
1154 1297 1277 1369 adhuc
1297 1298 1376 1369 ridi·

309 1421 390 1491 cula
407 1435 441 1490 et
460 1419 616 1489 ludibrio
632 1417 740 1511 digna
755 1416 983 1506 exstitissent,
1013 1413 1214 1486 tolerabilia
1230 1429 1375 1486 utcum-

308 1560 379 1631 que
405 1535 567 1624 luissent,
597 1534 626 1604 si
649 1557 723 1604 non
746 1531 933 1626 injustitia,
961 1530 1111 1628 perfidia
1133 1544 1169 1602 et
1192 1529 1267 1601 doli
1292 1531 1375 1602 mali

308 1651 595 1722 machinamenta
619 1651 695 1746 ejus
718 1647 900 1719 stultitiam
922 1663 1030 1744 atque
1054 1648 1298 1744 insipientiam
1316 1674 1373 1718 su-

308 1780 502 1863 perassent.

648 2091 904 2162 capitutum
933 2090 1025 2156 ΧΙΙΙ.

264 2338 293 2424 ,k
720 2296 760 2346 De
776 2294 876 2364 justitia
894 2295 960 2362 ejus.

357 2468 477 2560 Unde,
497 2483 687 2567 postquam
709 2468 754 2540 ‹le
776 2471 842 2540 riri
867 2470 1055 2568 prudentia
1075 2485 1183 2565 atque
1200 2471 1371 2566 sapientia

306 2584 471 2658 nonnihil
490 2584 685 2675 retulimus,
701 2584 746 2654 de
759 2585 892 2680 justitia
905 2588 1013 2657 etiam
1026 2587 1136 2682 ipsius
1149 2586 1370 2681 loquendum

305 2719 368 2774 est.
396 2703 465 2790 Qui
489 2702 655 2797 quidem,
681 2727 764 2771 cum
791 2702 977 2798 prudentia
1003 2703 1104 2796 (quae
1124 2700 1239 2771 virtus
1260 2717 1313 2771 est
1338 2716 1372 2772 et

307 2820 474 2889 uirtutum
492 2832 698 2888 caeterarum
715 2818 811 2895 uelut
824 2818 961 2911 auriga}
972 2818 1046 2914 ipse
1061 2818 1239 2906 caruerit,
1259 2820 1371 2915 qualis

309 2937 421 3006 inesse
445 2935 516 3005 illic
538 2934 671 3029 justitia
702 2934 876 3030 potuerit,
907 2932 969 3003 ubi
1003 2931 1193 3031 prudentia
1220 2936 1370 3005 omnino

307 3050 451 3120 deluit?
478 3053 567 3118 Sunt
587 3051 684 3119 euim
705 3051 871 3139 uirtutes,
896 3049 1093 3120 secundum
1112 3049 1369 3147 prophetarum

305 3167 581 3238 clarissimorum
603 3182 637 3235 et
664 3165 912 3259 theologorum
929 3163 1205 3260 irreliugabilem
1223 3182 1370 3238 senten-

308 3281 411 3368 tiam,
431 3280 583 3349 imicem
602 3281 657 3349 rel
677 3282 712 3349 iu
735 3281 809 3377 ipsa
835 3279 1043 3377 prudentia,
1070 3279 1271 3350 seeundum
1289 3307 1370 3379 pro·

308 3395 449 3493 phetas,
465 3395 521 3465 ret
538 3396 574 3464 in
591 3397 754 3484 caritate,
769 3396 965 3467 secundum
978 3396 1180 3491 theologos,
1200 3423 1369 3470 connexae

307 3526 342 3580 et
356 3510 553 3596 foederatae,
574 3512 622 3581 ita
637 3511 754 3606 quod,
769 3513 830 3606 qui
846 3536 957 3582 unam
969 3511 1092 3600 habet,
1107 3527 1252 3584 oreteras
1264 3515 1369 3585 etiam

308 3624 441 3696 habere
468 3652 552 3696 eum
577 3652 718 3697 necesse
744 3628 810 3714 sit3
839 3642 873 3697 et
902 3627 960 3698 cui
982 3648 1056 3698 una
1079 3627 1196 3719 deest,
1228 3630 1370 3725 reliquis

309 3741 415 3812 etiam
432 3765 586 3811 vacuum
603 3766 685 3810 eum
702 3766 776 3811 esse
795 3765 935 3811 neeesse
950 3755 1014 3811 est.
1036 3744 1187 3811 Rursum
1206 3771 1226 3808 κ
1248 3744 1369 3816 lunda·

308 3867 469 3922 mentum
487 3853 628 3948 justitie
654 3852 743 3924 fides
761 3868 814 3923 est
833 3884 850 3916 ι»
873 3852 1071 3922 secundum
1096 3855 1309 3926 Ciceronem
1332 3858 1368 3926 in

307 3969 380 4038 suis
405 3969 552 4039 Officiis.
585 3968 687 4041 Fides
712 3985 832 4041 autem
856 3984 926 4057 est,
954 3968 1153 4040 seeundum
1184 3971 1285 4067 quod
1313 3972 1370 4043 hic

308 4083 488 4178 loquimur
519 4085 564 4155 de
595 4084 683 4172 fide,
715 4084 891 4155 dictorum
923 4086 1252 4182 promissorumque
1285 4113 1369 4159 oon·

307 4200 462 4272 stantia:
482 4199 577 4272 dieta
592 4200 680 4271 tides
711 4225 757 4271 eo
780 4199 899 4296 quod,
924 4202 972 4273 ita
987 4216 1028 4271 ut
1046 4201 1177 4273 dicitur
1190 4203 1368 4300 promitti·
