2946 5070
202 451 240 508 91.
472 448 729 508 ffisromaattu
749 446 928 505 LUDOVICI
949 445 990 505 Xl

201 581 272 655 exit
287 579 332 651 de
350 580 497 654 flumine
513 580 559 652 de
578 578 692 651 lccka
714 577 828 675 (quod
848 578 982 651 flumen
1003 578 1124 677 portio
1144 590 1198 648 est
1228 591 1263 648 et

202 697 406 772 membrum
439 698 552 771 Rheni
585 695 770 794 fluminis),
811 696 975 796 presidio
1012 696 1168 787 militum
1201 720 1263 768 seu

201 815 431 888 rutherorum
458 813 672 887 munierant.
704 817 796 885 Cum
821 828 940 887 tamen
970 813 1147 885 incautius
1172 811 1263 907 illic,

201 932 335 1032 absque
355 932 436 1005 valli
456 932 680 1005 munimento
707 947 769 1005 aut
780 933 903 1005 castris
918 956 1020 1006 more
1034 931 1178 1012 militati
1194 929 1265 1005 dis·

200 1050 335 1148 positis,
354 1074 392 1122 se
409 1047 633 1143 effudissent,
654 1073 719 1120 nec
739 1048 786 1121 ad
799 1047 1061 1148 explorandum
1078 1045 1265 1147 molimina

199 1160 494 1262 Trajectensium,
520 1188 675 1260 quorum
693 1164 815 1237 civitas
839 1162 886 1236 ab
906 1188 951 1237 eo
969 1164 1051 1236 loco
1081 1190 1160 1241 non
1187 1186 1265 1239 am·

200 1281 294 1380 plius
310 1305 384 1352 uno
400 1279 541 1352 milliari
555 1280 676 1379 patriae
696 1295 833 1359 remota
849 1294 920 1372 est,
939 1304 1102 1352 cursores
1120 1280 1265 1380 expedi-

202 1411 258 1470 tos
268 1395 458 1492 haberent,
473 1395 592 1469 subito
604 1421 679 1468 uno
693 1420 799 1470 mane
809 1397 990 1469 irruerunt
1002 1397 1039 1468 in
1050 1422 1114 1470 eos
1126 1398 1265 1495 Traiec-

202 1527 318 1586 tenses
333 1538 417 1586 cum
432 1512 504 1585 suis
517 1511 682 1602 rutheris,
698 1527 733 1585 et
746 1536 810 1585 eos
821 1512 1023 1610 imparatos
1031 1536 1115 1584 cum
1132 1536 1265 1610 magno

201 1629 357 1703 clamore
373 1628 508 1723 adorti,
520 1629 557 1700 in
569 1626 689 1724 sugam
701 1641 905 1720 verterunt,
919 1625 1054 1725 absque
1071 1630 1266 1703 certamine

201 1744 258 1831 vel
273 1769 406 1845 pugna.
435 1745 523 1819 Caesi
548 1770 589 1818 ex
610 1744 721 1844 ipsius
747 1742 991 1816 Hollandrinis
1014 1743 1155 1817 circiter
1179 1767 1267 1841 qua·

202 1863 385 1962 draginta,
400 1881 437 1939 et
457 1866 552 1965 capti
579 1865 673 1938 circa
700 1864 881 1961 sexaginta
906 1863 1124 1938 ferebantur.
1143 1865 1267 1938 Caeteri

202 1981 250 2056 ad
266 2008 387 2078 naves,
407 2007 496 2080 quas
511 1983 724 2082 perllumen
735 1980 971 2076 advexerant,
988 1996 1025 2055 et
1040 1983 1143 2076 alias,
1158 1997 1267 2083 prout

201 2123 239 2171 se
266 2100 317 2173 eis
333 2102 583 2200 opportunitas
595 2101 796 2197 ingerebat,
812 2101 1021 2198 confugium
1037 2103 1264 2175 invenerunt.

203 2215 424 2289 Bombardas
439 2217 615 2313 usquead
641 2242 831 2290 numerum
848 2245 939 2312 xxx,
961 2233 1038 2290 tum
1063 2241 1267 2315 grossarum

202 2347 280 2404 tum
302 2334 505 2423 minorum,
519 2319 524 2333 ⁹
537 2335 620 2409 satis
642 2332 782 2407 nobiles
812 2360 895 2407 cum
919 2334 1059 2434 praeda,
1094 2334 1266 2432 quamde

204 2447 355 2530 navibus
384 2449 582 2548 expositam
615 2450 652 2521 in
684 2464 817 2522 terram
852 2452 1013 2524 invenire
1050 2462 1263 2550 potuerunt,

203 2588 287 2638 cum
304 2564 466 2663 pluribus
488 2563 700 2639 militaribus
716 2565 1034 2641 Hollandrinorum
1055 2567 1164 2662 signis
1186 2570 1267 2639 Tra·

198 2680 332 2778 jectum
359 2681 397 2752 in
425 2705 528 2753 suam
554 2681 730 2753 civitatem
759 2682 990 2774 invexerunt,
1023 2708 1108 2755 cum
1133 2707 1266 2780 magrro

201 2799 333 2877 civium
351 2800 537 2898 applausu.

249 2914 320 2987 Sed
334 2939 400 2986 nec
417 2939 460 2987 ea
476 2914 595 2987 laetitia
607 2915 658 3012 eis
674 2914 799 3012 longa,
812 2940 878 2988 nec
889 2916 1002 2988 fausta
1018 2914 1268 3013 hujuscemodi

201 3044 332 3128 tropaea
350 3031 574 3120 exstiterunt,
594 3029 1028 3129 quemadmodumpaulo
1044 3046 1127 3130 post
1147 3032 1186 3102 in
1216 3057 1267 3109 so

201 3147 391 3246 quentibus
409 3147 613 3222 referemus.
640 3153 687 3220 Ut
714 3147 811 3220 enim
829 3147 962 3221 cecinit
974 3163 1084 3248 poeta
1101 3148 1264 3245 insignis·

201 3264 329 3355 simus,
481 3359 485 3362 .
846 3351 848 3354 y

287 3399 401 3464 Nescia
417 3422 508 3465 mens
522 3399 692 3465 hominum
704 3396 763 3464 fati
778 3394 933 3488 sortisque
949 3397 1082 3482 futruae,

288 3503 355 3567 Nec
371 3526 494 3568 servare
511 3502 658 3580 modum,
678 3502 772 3567 rebus
789 3502 914 3567 sublata
928 3501 1107 3568 secundis¹.

248 3646 419 3719 Miserunt
435 3644 587 3719 subinde
607 3645 845 3742 Trajectenses
862 3645 997 3742 legatos
1013 3669 1098 3717 suos
1128 3645 1165 3715 in
1186 3650 1264 3717 Bra·

200 3760 360 3834 bantiam
392 3768 461 3861 pro
488 3759 714 3834 concilianda
743 3783 832 3859 pace
859 3786 943 3832 cum
974 3760 1066 3833 duce
1096 3761 1261 3852 Austriae,

199 3878 227 3949 si
244 3892 406 3975 possent,
425 3877 562 3950 secluso
578 3873 748 3974 pontifice
757 3878 779 3945 ¹.
799 3879 852 3948 De
878 3899 965 3974 pace
987 3875 1086 3947 enim
1112 3899 1196 3946 cum
1221 3899 1263 3945 eo

239 4042 267 4095 1.
291 4039 330 4096 Ce
343 4036 393 4114 qui
406 4034 463 4095 suit
475 4034 567 4092 forme
581 4054 621 4093 un
635 4052 770 4092 nouveau
783 4032 912 4112 chapitre
925 4033 998 4093 dans
1014 4031 1177 4092 Matthaeus.

237 4133 267 4190 2.
289 4133 369 4189 Cette
391 4128 559 4189 ambassade
580 4130 623 4187 lut
643 4128 772 4204 envoyee
800 4131 816 4185 i
843 4133 955 4188 Anvers
981 4147 1020 4186 au
1044 4127 1118 4188 mois
1138 4126 1177 4185 de
1199 4145 1261 4207 sep

199 4224 309 4285 tembre
326 4227 414 4287 1181.
