2946 5070
239 498 297 554 tlt
508 495 764 553 mstontatttut
783 494 962 552 utnot‘lct
980 494 1024 550 XI

237 629 334 698 vium
355 649 501 698 suorum
516 624 764 722 expeditorum
779 625 988 697 comitamm
1003 638 1111 722 atque
1125 624 1294 699 auxilium

237 743 418 830 invenire,
441 741 537 813 solus
554 764 637 811 curn
651 740 775 838 paucis
796 764 888 838 quos
904 738 1084 832 habebat,
1101 740 1151 814 ad
1168 740 1294 814 subur·

235 857 373 931 banum
396 856 503 928 exivit
515 859 538 946 ¹,
559 856 692 926 civium
715 879 863 927 suorum
883 879 946 926 seu
960 857 1102 952 ignavia
1125 882 1191 929 seu
1212 856 1295 931 dolo

237 975 390 1048 nudatus
406 997 448 1046 ac
462 972 649 1044 destitutus
658 973 801 1044 auxilio.
814 975 936 1068 Neque
948 973 1059 1066 enim,
1076 974 1129 1046 uti
1147 974 1296 1074 impera·

236 1103 291 1162 rat
312 1104 348 1161 et
367 1089 467 1187 quod
486 1089 535 1160 ita
554 1087 680 1160 facturi
701 1086 817 1158 forent
835 1085 1059 1182 confidebat,
1090 1113 1177 1162 eum
1207 1090 1296 1163 inse-

236 1207 309 1277 cuti
324 1219 427 1297 sunt,
442 1204 505 1276 sed
518 1204 575 1275 vel
586 1203 728 1275 attoniti
742 1203 965 1276 adventantis
975 1203 1091 1277 hostis
1104 1203 1295 1279 formidine

237 1346 280 1395 ac
297 1345 453 1420 pavore,
473 1320 529 1392 vel
552 1320 678 1392 inertia
697 1333 878 1418 torpentes
899 1334 960 1393 aut
979 1319 1203 1419 proditiones
1222 1346 1295 1396 me·

237 1436 408 1527 ditantes,
428 1459 495 1534 pro
512 1433 761 1507 malevolentia
777 1459 886 1531 quam
908 1435 1113 1509 habuerunt
1127 1437 1177 1510 ad
1191 1462 1293 1512 suum

235 1553 441 1646 dominum,
461 1577 545 1624 eum
558 1552 706 1623 minime
721 1552 859 1649 insequi
873 1567 1044 1625 curarunt
1050 1557 1072 1623 ¹.

283 1675 399 1757 Quem
425 1694 509 1741 curn
527 1683 601 1741 tam
617 1669 745 1765 exiguo
767 1669 951 1741 inveniens
967 1670 1080 1743 hostis
1097 1673 1291 1765 onmium,

233 1787 370 1858 ineunt
388 1786 480 1857 iuria
497 1799 534 1856 et
549 1784 680 1856 saevitia
696 1784 876 1875 invectus,
899 1809 1010 1858 manu
1027 1789 1199 1885 propria,
1217 1789 1294 1861 lieet

233 1927 300 2001 pro
316 1903 389 1974 vita
413 1901 613 1973 humillime
635 1899 894 1998 supplicantem
917 1915 953 1972 et
973 1903 1096 1974 omnia
1114 1901 1215 1978 bona
1233 1929 1293 1978 sua

232 2031 339 2115 atque
352 2018 508 2116 seipsum
524 2018 562 2087 in
581 2016 761 2114 captivum
779 2019 949 2090 asservari
968 2018 1100 2091 obnixe'
1115 2021 1294 2118 postulem

233 2147 330 2226 tem,
361 2133 552 2206 crudeliter
576 2131 695 2229 gladio
721 2133 758 2203 in
783 2134 957 2205 cervicem
982 2135 1092 2233 ipsius
1116 2138 1289 2236 impacto,

232 2249 423 2321 trucidavit
433 2250 457 2336 ⁸,
477 2249 604 2320 nolens
626 2249 736 2320 alium
756 2272 865 2344 quam
880 2262 1007 2322 sedam
1027 2251 1174 2324 nefandi
1194 2269 1230 2325 et
1246 2279 1291 2327 sa·

232 2365 351 2460 crilegi
367 2363 537 2436 carnificii
552 2379 659 2462 atque
675 2365 793 2463 operis
808 2364 885 2437 lieri
902 2381 1158 2440 exsecutorem.

281 2481 422 2553 Cadens
449 2495 569 2553 autem
599 2479 694 2552 idem
721 2482 910 2580 episcopus
936 2506 1020 2554 cum
1043 2485 1205 2580 quodam
1226 2489 1291 2560 alio

232 2598 393 2670 similiter
414 2611 541 2669 necato
559 2598 715 2692 (caeteris
735 2622 800 2695 per
828 2597 947 2694 fugam
969 2599 1244 2699 evadentibus),
1260 2619 1291 2677 et

233 2716 340 2787 annis
355 2740 398 2787 ac
419 2713 637 2785 indumentis
655 2717 788 2786 caeteris
812 2715 1001 2811 spoliatus,
1021 2741 1136 2813 usque
1162 2721 1210 2792 ad
1230 2737 1291 2793 ter-

232 2835 322 2905 tium
338 2833 435 2906 diem
451 2834 488 2903 in
509 2857 554 2904 eo
568 2832 651 2904 loco
670 2831 782 2927 jacuit
802 2831 920 2903 nudus
932 2834 954 2902 ⁴.
975 2836 1092 2921 Quem
1107 2839 1289 2934 sacrilegus

232 2974 275 3023 ac
298 2950 573 3023 immanissimus
597 2947 791 3046 parricida,
820 2972 887 3020 nec
922 2973 1099 3045 generosae
1123 2957 1290 3054 prosapie

235 3066 364 3137 intuitu
389 3079 573 3163 permotus
600 3063 818 3160 (eratenim
842 3062 1070 3138 traterducis
1099 3069 1286 3157 Borbonii,

234 3180 307 3276 regi
323 3184 543 3250 Francorum
564 3177 870 3272 consanguinitate
888 3181 1122 3277 conjunctus,
1141 3209 1288 3258 avuncu-

233 3295 358 3391 lusque
384 3295 622 3365 illustrissimae
650 3292 804 3365 dominae
828 3297 966 3388 llariae,
996 3298 1070 3393 jam
1097 3299 1285 3394 defuncta,

273 3499 302 3556 l.
329 3495 517 3554 «Exiverunt
535 3515 637 3555 versus
659 3497 801 3567 chayne'e.
825 3518 839 3551 n
863 3497 1009 3560 Adrianus
1028 3501 1065 3560 de
1088 3506 1286 3567 veteri-noso

232 3611 280 3669 ap.
296 3591 442 3662 Martdne,
461 3594 558 3668 Ampl.
575 3595 717 3664 collectio,
733 3603 755 3648 t.
770 3593 821 3666 IV,
836 3591 893 3652 col.
908 3596 996 3654 1377.

272 3687 301 3741 2.
329 3713 340 3738 ι
358 3684 517 3743 Ministeria
537 3683 650 3743 stabant
664 3681 700 3742 ad
719 3695 837 3761 pontem
858 3688 1094 3769 Amori-Cordis,
1113 3693 1284 3775 disputantes

232 3779 296 3856 quis
309 3778 376 3850 iret,
390 3776 534 3836 dicendo:
551 3777 630 3836 Vade
644 3791 686 3836 tu.
700 3774 793 3835 Vadat
804 3776 864 3837 ille.
882 3803 897 3832 ι
914 3780 1005 3858 rhed,
1020 3785 1077 3844 col.
1095 3789 1186 3848 1378.

272 3876 302 3930 3.
322 3874 346 3931 Il
360 3874 441 3944 erait,
456 3871 570 3931 suivant
583 3872 720 3941 Molinet,
740 3897 753 3924 α
769 3874 849 3930 acme
868 3873 905 3933 de
924 3888 1016 3936 toutes
1029 3879 1143 3957 pidem,
1157 3884 1238 3943 sinon

231 3965 300 4024 chel
314 3981 341 4024 et
359 3967 409 4025 des
420 3965 543 4039 jambes.
558 3991 572 4020 s

272 4064 300 4118 lt.
323 4061 441 4119 Molinet
460 4073 488 4118 et
505 4060 668 4119 Conrrnines
688 4058 780 4116 disent
796 4080 853 4137 que
868 4081 920 4121 son
940 4083 1025 4144 corps
1042 4068 1086 4126 fut
1102 4069 1161 4142 jete
1181 4070 1285 4132 dansla

230 4157 347 4226 Meuse3
363 4154 434 4213 mais
447 4155 474 4214 le
488 4155 583 4213 moine
598 4152 707 4211 Adrien
721 4153 859 4231 explique
872 4157 943 4233 qu'il
961 4160 1058 4221 tomba
1073 4162 1109 4223 de
1124 4185 1179 4227 son
1190 4166 1284 4227 cheval

230 4249 301 4308 dans
314 4249 399 4308 l'eau.
