<?xml version="1.0" encoding="UTF-8"?>
<!DOCTYPE html PUBLIC "-//W3C//DTD XHTML 1.0 Transitional//EN"
    "http://www.w3.org/TR/xhtml1/DTD/xhtml1-transitional.dtd">
<html xmlns="http://www.w3.org/1999/xhtml" xml:lang="en" lang="en">
 <head>
  <title>
</title>
<meta http-equiv="Content-Type" content="text/html;charset=utf-8" />
  <meta name='ocr-system' content='tesseract 3.04.00' />
  <meta name='ocr-capabilities' content='ocr_page ocr_carea ocr_par ocr_line ocrx_word'/>
</head>
<body>
  <div class='ocr_page' id='page_1' title='image "./histoiredesrgne00amelgoog_0308.png"; bbox 0 0 2946 5070; ppageno 0'>
   <div class='ocr_carea' id='block_1_1' title="bbox 521 487 1193 567">
    <p class='ocr_par' dir='ltr' id='par_1_1' title="bbox 521 487 1193 567">
     <span class='ocr_line' id='line_1_1' title="bbox 521 487 1193 567; baseline 0.013 -24"><span class='ocrx_word' id='word_1_1' title='bbox 521 487 633 567; x_wconf 76' lang='lat' dir='ltr'><strong>Lmen</strong></span> <span class='ocrx_word' id='word_1_2' title='bbox 652 488 804 547; x_wconf 78' lang='lat' dir='ltr'><strong>smnus,</strong></span> <span class='ocrx_word' id='word_1_3' title='bbox 1137 495 1193 553; x_wconf 81' lang='lat' dir='ltr'><strong>sm</strong></span> 
     </span>
    </p>
   </div>
   <div class='ocr_carea' id='block_1_2' title="bbox 132 617 1199 839">
    <p class='ocr_par' dir='ltr' id='par_1_2' title="bbox 132 617 1199 839">
     <span class='ocr_line' id='line_1_2' title="bbox 134 617 1199 716; baseline 0.007 -23"><span class='ocrx_word' id='word_1_4' title='bbox 134 621 219 693; x_wconf 88' lang='lat' dir='ltr'><strong>dam</strong></span> <span class='ocrx_word' id='word_1_5' title='bbox 247 617 364 711; x_wconf 80' lang='lat' dir='ltr'><strong>duxit,</strong></span> <span class='ocrx_word' id='word_1_6' title='bbox 397 618 565 714; x_wconf 79' lang='lat' dir='ltr'>quatinus</span> <span class='ocrx_word' id='word_1_7' title='bbox 587 643 732 691; x_wconf 89' lang='lat' dir='ltr'><strong>morose</strong></span> <span class='ocrx_word' id='word_1_8' title='bbox 764 620 918 716; x_wconf 81' lang='lat' dir='ltr'><strong>cogitare</strong></span> <span class='ocrx_word' id='word_1_9' title='bbox 957 622 1126 696; x_wconf 85' lang='lat' dir='ltr'><strong>vellemus</strong></span> <span class='ocrx_word' id='word_1_10' title='bbox 1152 625 1199 700; x_wconf 91' lang='lat' dir='ltr'><strong>ad</strong></span> 
     </span>
     <span class='ocr_line' id='line_1_3' title="bbox 132 732 1199 839; baseline 0.008 -31"><span class='ocrx_word' id='word_1_11' title='bbox 132 733 367 837; x_wconf 83' lang='lat' dir='ltr'><strong>praebendum</strong></span> <span class='ocrx_word' id='word_1_12' title='bbox 388 732 457 808; x_wconf 90' lang='lat' dir='ltr'><strong>sibi</strong></span> <span class='ocrx_word' id='word_1_13' title='bbox 473 734 690 825; x_wconf 24' lang='lat' dir='ltr'><strong>,consilium,</strong></span> <span class='ocrx_word' id='word_1_14' title='bbox 709 734 926 833; x_wconf 84' lang='lat' dir='ltr'><strong>quibusnam</strong></span> <span class='ocrx_word' id='word_1_15' title='bbox 948 737 1075 813; x_wconf 85' lang='lat' dir='ltr'><strong>mediis</strong></span> <span class='ocrx_word' id='word_1_16' title='bbox 1092 755 1199 839; x_wconf 83' lang='lat' dir='ltr'><strong>atque</strong></span> 
     </span>
    </p>
   </div>
   <div class='ocr_carea' id='block_1_3' title="bbox 84 855 1285 4331">
    <p class='ocr_par' dir='ltr' id='par_1_3' title="bbox 84 855 1235 3052">
     <span class='ocr_line' id='line_1_4' title="bbox 133 855 1198 957; baseline 0.005 -27"><span class='ocrx_word' id='word_1_17' title='bbox 133 860 203 931; x_wconf 85' lang='lat' dir='ltr'><strong>viis</strong></span> <span class='ocrx_word' id='word_1_18' title='bbox 216 857 262 932; x_wconf 87' lang='lat' dir='ltr'><strong>ad</strong></span> <span class='ocrx_word' id='word_1_19' title='bbox 278 855 367 929; x_wconf 90' lang='lat' dir='ltr'><strong>illud</strong></span> <span class='ocrx_word' id='word_1_20' title='bbox 384 880 489 929; x_wconf 90' lang='lat' dir='ltr'><strong>suum</strong></span> <span class='ocrx_word' id='word_1_21' title='bbox 506 856 608 954; x_wconf 88' lang='lat' dir='ltr'><strong>pium</strong></span> <span class='ocrx_word' id='word_1_22' title='bbox 626 855 860 951; x_wconf 84' lang='lat' dir='ltr'><strong>desiderium,</strong></span> <span class='ocrx_word' id='word_1_23' title='bbox 880 858 983 955; x_wconf 70' lang='lat' dir='ltr'><strong>jusu</strong></span> <span class='ocrx_word' id='word_1_24' title='bbox 999 859 1099 957; x_wconf 93' lang='lat' dir='ltr'><strong>quod</strong></span> <span class='ocrx_word' id='word_1_25' title='bbox 1115 887 1198 936; x_wconf 89' lang='lat' dir='ltr'><strong>eum</strong></span> 
     </span>
     <span class='ocr_line' id='line_1_5' title="bbox 132 971 1201 1078; baseline 0.002 -30"><span class='ocrx_word' id='word_1_26' title='bbox 132 972 434 1066; x_wconf 87' lang='lat' dir='ltr'><strong>adhortabamur,</strong></span> <span class='ocrx_word' id='word_1_27' title='bbox 452 971 723 1072; x_wconf 88' lang='lat' dir='ltr'><strong>adimplendum</strong></span> <span class='ocrx_word' id='word_1_28' title='bbox 738 987 776 1047; x_wconf 92' lang='lat' dir='ltr'><strong>et</strong></span> <span class='ocrx_word' id='word_1_29' title='bbox 791 973 1050 1073; x_wconf 84' lang='lat' dir='ltr'><strong>perficiendum</strong></span> <span class='ocrx_word' id='word_1_30' title='bbox 1069 1001 1201 1078; x_wconf 85' lang='lat' dir='ltr'><strong>oppor-</strong></span> 
     </span>
     <span class='ocr_line' id='line_1_6' title="bbox 133 1089 1200 1189; baseline 0.006 -26"><span class='ocrx_word' id='word_1_31' title='bbox 133 1091 255 1163; x_wconf 87' lang='lat' dir='ltr'><strong>tunius</strong></span> <span class='ocrx_word' id='word_1_32' title='bbox 279 1104 385 1187; x_wconf 86' lang='lat' dir='ltr'><strong>atque</strong></span> <span class='ocrx_word' id='word_1_33' title='bbox 412 1089 538 1162; x_wconf 86' lang='lat' dir='ltr'><strong>melius</strong></span> <span class='ocrx_word' id='word_1_34' title='bbox 567 1104 689 1188; x_wconf 84' lang='lat' dir='ltr'><strong>posset</strong></span> <span class='ocrx_word' id='word_1_35' title='bbox 720 1091 921 1189; x_wconf 84' lang='lat' dir='ltr'><strong>pervenire.</strong></span> <span class='ocrx_word' id='word_1_36' title='bbox 958 1091 1100 1180; x_wconf 86' lang='lat' dir='ltr'><strong>Quibus</strong></span> <span class='ocrx_word' id='word_1_37' title='bbox 1128 1095 1200 1169; x_wconf 86' lang='lat' dir='ltr'><strong>suis</strong></span> 
     </span>
     <span class='ocr_line' id='line_1_7' title="bbox 132 1205 1199 1307; baseline 0.006 -28"><span class='ocrx_word' id='word_1_38' title='bbox 132 1208 238 1279; x_wconf 83' lang='lat' dir='ltr'><strong>illecti</strong></span> <span class='ocrx_word' id='word_1_39' title='bbox 261 1205 514 1303; x_wconf 78' lang='lat' dir='ltr'><strong>exhilaratique</strong></span> <span class='ocrx_word' id='word_1_40' title='bbox 541 1205 767 1281; x_wconf 82' lang='lat' dir='ltr'><strong>sermonibus</strong></span> <span class='ocrx_word' id='word_1_41' title='bbox 788 1208 952 1307; x_wconf 84' lang='lat' dir='ltr'><strong>optimis,</strong></span> <span class='ocrx_word' id='word_1_42' title='bbox 978 1210 1106 1304; x_wconf 81' lang='lat' dir='ltr'><strong>gratias</strong></span> <span class='ocrx_word' id='word_1_43' title='bbox 1121 1213 1199 1285; x_wconf 87' lang='lat' dir='ltr'><strong>Deo</strong></span> 
     </span>
     <span class='ocr_line' id='line_1_8' title="bbox 132 1322 1199 1425; baseline 0.006 -29"><span class='ocrx_word' id='word_1_44' title='bbox 132 1322 326 1420; x_wconf 82' lang='lat' dir='ltr'><strong>agebamus</strong></span> <span class='ocrx_word' id='word_1_45' title='bbox 346 1337 422 1397; x_wconf 88' lang='lat' dir='ltr'><strong>toto</strong></span> <span class='ocrx_word' id='word_1_46' title='bbox 441 1322 551 1397; x_wconf 88' lang='lat' dir='ltr'><strong>corde</strong></span> <span class='ocrx_word' id='word_1_47' title='bbox 568 1322 669 1422; x_wconf 91' lang='lat' dir='ltr'><strong>quod</strong></span> <span class='ocrx_word' id='word_1_48' title='bbox 693 1325 726 1397; x_wconf 80' lang='lat' dir='ltr'><strong>&#39;ei</strong></span> <span class='ocrx_word' id='word_1_49' title='bbox 747 1338 821 1399; x_wconf 85' lang='lat' dir='ltr'><strong>tam</strong></span> <span class='ocrx_word' id='word_1_50' title='bbox 841 1338 1006 1399; x_wconf 84' lang='lat' dir='ltr'><strong>sanctum</strong></span> <span class='ocrx_word' id='word_1_51' title='bbox 1027 1327 1199 1425; x_wconf 90' lang='lat' dir='ltr'><strong>piumque</strong></span> 
     </span>
     <span class='ocr_line' id='line_1_9' title="bbox 132 1438 1200 1541; baseline 0.007 -30"><span class='ocrx_word' id='word_1_52' title='bbox 132 1439 358 1538; x_wconf 89' lang='lat' dir='ltr'><strong>propositum</strong></span> <span class='ocrx_word' id='word_1_53' title='bbox 381 1440 605 1541; x_wconf 75' lang='lat' dir='ltr'><strong>inspirasset,</strong></span> <span class='ocrx_word' id='word_1_54' title='bbox 633 1438 730 1513; x_wconf 92' lang='lat' dir='ltr'><strong>unde</strong></span> <span class='ocrx_word' id='word_1_55' title='bbox 752 1439 819 1514; x_wconf 87' lang='lat' dir='ltr'><strong>toti</strong></span> <span class='ocrx_word' id='word_1_56' title='bbox 837 1463 947 1536; x_wconf 86' lang='lat' dir='ltr'><strong>regno</strong></span> <span class='ocrx_word' id='word_1_57' title='bbox 972 1455 1008 1515; x_wconf 85' lang='lat' dir='ltr'><strong>et</strong></span> <span class='ocrx_word' id='word_1_58' title='bbox 1029 1442 1200 1519; x_wconf 85' lang='lat' dir='ltr'><strong>omnibus</strong></span> 
     </span>
     <span class='ocr_line' id='line_1_10' title="bbox 133 1553 1200 1655; baseline 0.007 -29"><span class='ocrx_word' id='word_1_59' title='bbox 133 1554 295 1650; x_wconf 89' lang='lat' dir='ltr'><strong>ejusdem</strong></span> <span class='ocrx_word' id='word_1_60' title='bbox 316 1556 447 1629; x_wconf 85' lang='lat' dir='ltr'><strong>accolis</strong></span> <span class='ocrx_word' id='word_1_61' title='bbox 474 1570 578 1630; x_wconf 88' lang='lat' dir='ltr'><strong>tantae</strong></span> <span class='ocrx_word' id='word_1_62' title='bbox 602 1571 642 1655; x_wconf 24' lang='lat' dir='ltr'><strong>,et</strong></span> <span class='ocrx_word' id='word_1_63' title='bbox 665 1570 740 1631; x_wconf 86' lang='lat' dir='ltr'><strong>tam</strong></span> <span class='ocrx_word' id='word_1_64' title='bbox 764 1553 1015 1631; x_wconf 86' lang='lat' dir='ltr'><strong>desiderabiles</strong></span> <span class='ocrx_word' id='word_1_65' title='bbox 1036 1558 1200 1633; x_wconf 75' lang='lat' dir='ltr'><strong>utilitates</strong></span> 
     </span>
     <span class='ocr_line' id='line_1_11' title="bbox 133 1670 1200 1772; baseline 0.006 -28"><span class='ocrx_word' id='word_1_66' title='bbox 133 1686 204 1744; x_wconf 85' lang='lat' dir='ltr'><strong>tam</strong></span> <span class='ocrx_word' id='word_1_67' title='bbox 215 1670 358 1769; x_wconf 86' lang='lat' dir='ltr'><strong>publice</strong></span> <span class='ocrx_word' id='word_1_68' title='bbox 371 1697 481 1771; x_wconf 89' lang='lat' dir='ltr'><strong>quam</strong></span> <span class='ocrx_word' id='word_1_69' title='bbox 494 1673 661 1771; x_wconf 88' lang='lat' dir='ltr'><strong>privatim</strong></span> <span class='ocrx_word' id='word_1_70' title='bbox 668 1686 893 1772; x_wconf 80' lang='lat' dir='ltr'><strong>proventurae</strong></span> <span class='ocrx_word' id='word_1_71' title='bbox 905 1671 1042 1746; x_wconf 89' lang='lat' dir='ltr'><strong>essent:</strong></span> <span class='ocrx_word' id='word_1_72' title='bbox 1056 1698 1144 1748; x_wconf 87' lang='lat' dir='ltr'><strong>oran</strong></span> <span class='ocrx_word' id='word_1_73' title='bbox 1149 1690 1200 1751; x_wconf 85' lang='lat' dir='ltr'><strong>tes</strong></span> 
     </span>
     <span class='ocr_line' id='line_1_12' title="bbox 132 1787 1200 1890; baseline 0.004 -29"><span class='ocrx_word' id='word_1_74' title='bbox 132 1792 249 1861; x_wconf 86' lang='lat' dir='ltr'><strong>Deum</strong></span> <span class='ocrx_word' id='word_1_75' title='bbox 270 1813 355 1861; x_wconf 90' lang='lat' dir='ltr'><strong>cum</strong></span> <span class='ocrx_word' id='word_1_76' title='bbox 379 1789 481 1862; x_wconf 92' lang='lat' dir='ltr'><strong>omni</strong></span> <span class='ocrx_word' id='word_1_77' title='bbox 504 1787 715 1882; x_wconf 82' lang='lat' dir='ltr'><strong>devotione,</strong></span> <span class='ocrx_word' id='word_1_78' title='bbox 736 1803 777 1861; x_wconf 94' lang='lat' dir='ltr'><strong>ut</strong></span> <span class='ocrx_word' id='word_1_79' title='bbox 805 1803 880 1862; x_wconf 83' lang='lat' dir='ltr'><strong>tam</strong></span> <span class='ocrx_word' id='word_1_80' title='bbox 909 1788 1087 1874; x_wconf 82' lang='lat' dir='ltr'><strong>laudabile</strong></span> <span class='ocrx_word' id='word_1_81' title='bbox 1113 1815 1200 1890; x_wconf 83' lang='lat' dir='ltr'><strong>pro·</strong></span> 
     </span>
     <span class='ocr_line' id='line_1_13' title="bbox 131 1904 1200 2004; baseline 0.002 -26"><span class='ocrx_word' id='word_1_82' title='bbox 131 1905 286 2004; x_wconf 82' lang='lat' dir='ltr'><strong>positum</strong></span> <span class='ocrx_word' id='word_1_83' title='bbox 307 1906 345 1977; x_wconf 92' lang='lat' dir='ltr'><strong>in</strong></span> <span class='ocrx_word' id='word_1_84' title='bbox 369 1930 413 1979; x_wconf 83' lang='lat' dir='ltr'><strong>eo</strong></span> <span class='ocrx_word' id='word_1_85' title='bbox 439 1929 651 1980; x_wconf 87' lang='lat' dir='ltr'><strong>conservare</strong></span> <span class='ocrx_word' id='word_1_86' title='bbox 676 1921 711 1977; x_wconf 86' lang='lat' dir='ltr'><strong>et</strong></span> <span class='ocrx_word' id='word_1_87' title='bbox 739 1904 787 1979; x_wconf 89' lang='lat' dir='ltr'><strong>ad</strong></span> <span class='ocrx_word' id='word_1_88' title='bbox 811 1904 949 1978; x_wconf 80' lang='lat' dir='ltr'><strong>felicem</strong></span> <span class='ocrx_word' id='word_1_89' title='bbox 975 1921 1011 1979; x_wconf 87' lang='lat' dir='ltr'><strong>et</strong></span> <span class='ocrx_word' id='word_1_90' title='bbox 1037 1921 1200 2004; x_wconf 86' lang='lat' dir='ltr'><strong>optatum</strong></span> 
     </span>
     <span class='ocr_line' id='line_1_14' title="bbox 131 2019 1200 2120; baseline 0.003 -26"><span class='ocrx_word' id='word_1_91' title='bbox 131 2021 297 2094; x_wconf 83' lang='lat' dir='ltr'><strong>ellectum</strong></span> <span class='ocrx_word' id='word_1_92' title='bbox 324 2021 519 2120; x_wconf 89' lang='lat' dir='ltr'><strong>perducere</strong></span> <span class='ocrx_word' id='word_1_93' title='bbox 550 2046 615 2095; x_wconf 85' lang='lat' dir='ltr'><strong>sua</strong></span> <span class='ocrx_word' id='word_1_94' title='bbox 642 2021 868 2095; x_wconf 87' lang='lat' dir='ltr'><strong>miseratione</strong></span> <span class='ocrx_word' id='word_1_95' title='bbox 904 2019 972 2093; x_wconf 88' lang='lat' dir='ltr'><strong>sibi</strong></span> <span class='ocrx_word' id='word_1_96' title='bbox 1003 2022 1200 2099; x_wconf 87' lang='lat' dir='ltr'><strong>concedere</strong></span> 
     </span>
     <span class='ocr_line' id='line_1_15' title="bbox 132 2136 1199 2236; baseline 0 -24"><span class='ocrx_word' id='word_1_97' title='bbox 132 2137 349 2233; x_wconf 82' lang='lat' dir='ltr'><strong>dignaretur.</strong></span> <span class='ocrx_word' id='word_1_98' title='bbox 376 2143 419 2210; x_wconf 87' lang='lat' dir='ltr'><strong>Et</strong></span> <span class='ocrx_word' id='word_1_99' title='bbox 441 2138 524 2211; x_wconf 87' lang='lat' dir='ltr'><strong>licet</strong></span> <span class='ocrx_word' id='word_1_100' title='bbox 544 2138 660 2236; x_wconf 87' lang='lat' dir='ltr'><strong>prima</strong></span> <span class='ocrx_word' id='word_1_101' title='bbox 680 2137 791 2232; x_wconf 83' lang='lat' dir='ltr'><strong>facie,</strong></span> <span class='ocrx_word' id='word_1_102' title='bbox 808 2136 856 2212; x_wconf 89' lang='lat' dir='ltr'><strong>ad</strong></span> <span class='ocrx_word' id='word_1_103' title='bbox 872 2151 979 2212; x_wconf 84' lang='lat' dir='ltr'><strong>tantae</strong></span> <span class='ocrx_word' id='word_1_104' title='bbox 999 2138 1050 2223; x_wconf 90' lang='lat' dir='ltr'><strong>rei</strong></span> <span class='ocrx_word' id='word_1_105' title='bbox 1065 2139 1199 2212; x_wconf 89' lang='lat' dir='ltr'><strong>molem</strong></span> 
     </span>
     <span class='ocr_line' id='line_1_16' title="bbox 132 2252 1200 2330; baseline 0 -2"><span class='ocrx_word' id='word_1_106' title='bbox 132 2253 358 2330; x_wconf 85' lang='lat' dir='ltr'><strong>subeundam</strong></span> <span class='ocrx_word' id='word_1_107' title='bbox 390 2255 509 2329; x_wconf 88' lang='lat' dir='ltr'><strong>minus</strong></span> <span class='ocrx_word' id='word_1_108' title='bbox 546 2252 698 2328; x_wconf 89' lang='lat' dir='ltr'><strong>idoneos</strong></span> <span class='ocrx_word' id='word_1_109' title='bbox 726 2267 763 2326; x_wconf 92' lang='lat' dir='ltr'><strong>et</strong></span> <span class='ocrx_word' id='word_1_110' title='bbox 791 2252 1007 2326; x_wconf 84' lang='lat' dir='ltr'><strong>sufficientes</strong></span> <span class='ocrx_word' id='word_1_111' title='bbox 1031 2278 1105 2326; x_wconf 91' lang='lat' dir='ltr'><strong>esse</strong></span> <span class='ocrx_word' id='word_1_112' title='bbox 1132 2278 1200 2328; x_wconf 89' lang='lat' dir='ltr'><strong>nos</strong></span> 
     </span>
     <span class='ocr_line' id='line_1_17' title="bbox 131 2367 1199 2469; baseline 0.001 -26"><span class='ocrx_word' id='word_1_113' title='bbox 131 2369 312 2445; x_wconf 87' lang='lat' dir='ltr'><strong>humiliter</strong></span> <span class='ocrx_word' id='word_1_114' title='bbox 342 2370 563 2460; x_wconf 83' lang='lat' dir='ltr'><strong>excusando,</strong></span> <span class='ocrx_word' id='word_1_115' title='bbox 600 2370 775 2469; x_wconf 88' lang='lat' dir='ltr'><strong>plurimos</strong></span> <span class='ocrx_word' id='word_1_116' title='bbox 805 2392 891 2443; x_wconf 89' lang='lat' dir='ltr'><strong>vero</strong></span> <span class='ocrx_word' id='word_1_117' title='bbox 919 2367 1083 2443; x_wconf 90' lang='lat' dir='ltr'><strong>subditos</strong></span> <span class='ocrx_word' id='word_1_118' title='bbox 1105 2371 1199 2445; x_wconf 87' lang='lat' dir='ltr'><strong>viros</strong></span> 
     </span>
     <span class='ocr_line' id='line_1_18' title="bbox 131 2485 1235 2588; baseline -0.002 -28"><span class='ocrx_word' id='word_1_119' title='bbox 131 2487 307 2585; x_wconf 88' lang='lat' dir='ltr'><strong>sapientes</strong></span> <span class='ocrx_word' id='word_1_120' title='bbox 322 2502 359 2582; x_wconf 85' lang='lat' dir='ltr'><strong>et</strong></span> <span class='ocrx_word' id='word_1_121' title='bbox 372 2487 566 2588; x_wconf 87' lang='lat' dir='ltr'><strong>prudentes</strong></span> <span class='ocrx_word' id='word_1_122' title='bbox 582 2485 715 2560; x_wconf 88' lang='lat' dir='ltr'><strong>habere</strong></span> <span class='ocrx_word' id='word_1_123' title='bbox 739 2510 777 2560; x_wconf 90' lang='lat' dir='ltr'><strong>se</strong></span> <span class='ocrx_word' id='word_1_124' title='bbox 797 2486 836 2558; x_wconf 92' lang='lat' dir='ltr'><strong>in</strong></span> <span class='ocrx_word' id='word_1_125' title='bbox 850 2510 962 2582; x_wconf 89' lang='lat' dir='ltr'><strong>regno</strong></span> <span class='ocrx_word' id='word_1_126' title='bbox 980 2486 1196 2581; x_wconf 82' lang='lat' dir='ltr'><strong>diceremus,</strong></span> <span class='ocrx_word' id='word_1_127' title='bbox 1231 2505 1235 2517; x_wconf 90' lang='lat'>·</span> 
     </span>
     <span class='ocr_line' id='line_1_19' title="bbox 132 2602 1195 2702; baseline 0.007 -28"><span class='ocrx_word' id='word_1_128' title='bbox 132 2603 194 2700; x_wconf 88' lang='lat' dir='ltr'><strong>qui</strong></span> <span class='ocrx_word' id='word_1_129' title='bbox 210 2628 318 2702; x_wconf 88' lang='lat' dir='ltr'><strong>super</strong></span> <span class='ocrx_word' id='word_1_130' title='bbox 338 2605 395 2676; x_wconf 91' lang='lat' dir='ltr'><strong>his</strong></span> <span class='ocrx_word' id='word_1_131' title='bbox 421 2602 548 2698; x_wconf 76' lang='lat' dir='ltr'><strong>rehtu,</strong></span> <span class='ocrx_word' id='word_1_132' title='bbox 573 2604 604 2676; x_wconf 91' lang='lat' dir='ltr'><strong>si</strong></span> <span class='ocrx_word' id='word_1_133' title='bbox 627 2603 813 2700; x_wconf 82' lang='lat' dir='ltr'><strong>exquirere</strong></span> <span class='ocrx_word' id='word_1_134' title='bbox 839 2602 954 2677; x_wconf 86' lang='lat' dir='ltr'><strong>abeis</strong></span> <span class='ocrx_word' id='word_1_135' title='bbox 977 2602 1195 2700; x_wconf 75' lang='lat' dir='ltr'><strong>dignaretur,</strong></span> 
     </span>
     <span class='ocr_line' id='line_1_20' title="bbox 132 2718 1195 2818; baseline -0.001 -24"><span class='ocrx_word' id='word_1_136' title='bbox 132 2719 362 2795; x_wconf 85' lang='lat' dir='ltr'><strong>saluberrima</strong></span> <span class='ocrx_word' id='word_1_137' title='bbox 376 2721 529 2812; x_wconf 9' lang='lat' dir='ltr'><strong>consilia*</strong></span> <span class='ocrx_word' id='word_1_138' title='bbox 538 2734 574 2791; x_wconf 88' lang='lat' dir='ltr'><strong>et</strong></span> <span class='ocrx_word' id='word_1_139' title='bbox 593 2719 798 2795; x_wconf 87' lang='lat' dir='ltr'><strong>fidelissima</strong></span> <span class='ocrx_word' id='word_1_140' title='bbox 813 2718 914 2793; x_wconf 82' lang='lat' dir='ltr'><strong>facile</strong></span> <span class='ocrx_word' id='word_1_141' title='bbox 929 2718 1015 2805; x_wconf 82' lang='lat' dir='ltr'><strong>dare</strong></span> <span class='ocrx_word' id='word_1_142' title='bbox 1032 2735 1195 2818; x_wconf 87' lang='lat' dir='ltr'><strong>possent,</strong></span> 
     </span>
     <span class='ocr_line' id='line_1_21' title="bbox 133 2836 1199 2936; baseline 0.004 -27"><span class='ocrx_word' id='word_1_143' title='bbox 133 2836 239 2912; x_wconf 90' lang='lat' dir='ltr'><strong>nobis</strong></span> <span class='ocrx_word' id='word_1_144' title='bbox 268 2853 406 2931; x_wconf 87' lang='lat' dir='ltr'><strong>tamen,</strong></span> <span class='ocrx_word' id='word_1_145' title='bbox 427 2836 662 2936; x_wconf 87' lang='lat' dir='ltr'><strong>imprecando</strong></span> <span class='ocrx_word' id='word_1_146' title='bbox 690 2838 790 2930; x_wconf 89' lang='lat' dir='ltr'><strong>licet,</strong></span> <span class='ocrx_word' id='word_1_147' title='bbox 822 2837 975 2934; x_wconf 82' lang='lat' dir='ltr'><strong>injunxit</strong></span> <span class='ocrx_word' id='word_1_148' title='bbox 1002 2851 1043 2909; x_wconf 89' lang='lat' dir='ltr'><strong>ut</strong></span> <span class='ocrx_word' id='word_1_149' title='bbox 1066 2861 1199 2913; x_wconf 88' lang='lat' dir='ltr'><strong>munus</strong></span> 
     </span>
     <span class='ocr_line' id='line_1_22' title="bbox 84 2951 1197 3052; baseline 0.001 -26"><span class='ocrx_word' id='word_1_150' title='bbox 84 2983 90 2993; x_wconf 94' lang='lat'><strong>·</strong></span> <span class='ocrx_word' id='word_1_151' title='bbox 133 2953 381 3052; x_wconf 86' lang='lat' dir='ltr'><strong>hujuscemodi</strong></span> <span class='ocrx_word' id='word_1_152' title='bbox 397 2952 506 3028; x_wconf 85' lang='lat' dir='ltr'><strong>dandi</strong></span> <span class='ocrx_word' id='word_1_153' title='bbox 524 2952 590 3027; x_wconf 86' lang='lat' dir='ltr'><strong>sibi</strong></span> <span class='ocrx_word' id='word_1_154' title='bbox 607 2953 748 3026; x_wconf 81' lang='lat' dir='ltr'><strong>consilii</strong></span> <span class='ocrx_word' id='word_1_155' title='bbox 761 2951 974 3027; x_wconf 85' lang='lat' dir='ltr'><strong>subiremus.</strong></span> <span class='ocrx_word' id='word_1_156' title='bbox 994 2952 1103 3042; x_wconf 81' lang='lat' dir='ltr'><strong>Quod</strong></span> <span class='ocrx_word' id='word_1_157' title='bbox 1121 2969 1197 3028; x_wconf 89' lang='lat' dir='ltr'><strong>esto</strong></span> 
     </span>
    </p>

    <p class='ocr_par' dir='ltr' id='par_1_4' title="bbox 129 3056 1285 4331">
     <span class='ocr_line' id='line_1_23' title="bbox 133 3056 1285 3169; baseline 0.002 -26"><span class='ocrx_word' id='word_1_158' title='bbox 133 3074 252 3144; x_wconf 91' lang='lat' dir='ltr'><strong>minus</strong></span> <span class='ocrx_word' id='word_1_159' title='bbox 275 3072 405 3144; x_wconf 91' lang='lat' dir='ltr'><strong>idonee</strong></span> <span class='ocrx_word' id='word_1_160' title='bbox 422 3096 488 3142; x_wconf 88' lang='lat' dir='ltr'><strong>nec</strong></span> <span class='ocrx_word' id='word_1_161' title='bbox 508 3072 591 3143; x_wconf 91' lang='lat' dir='ltr'><strong>satis</strong></span> <span class='ocrx_word' id='word_1_162' title='bbox 606 3069 732 3168; x_wconf 85' lang='lat' dir='ltr'><strong>digne,</strong></span> <span class='ocrx_word' id='word_1_163' title='bbox 762 3094 829 3169; x_wconf 90' lang='lat' dir='ltr'><strong>pro</strong></span> <span class='ocrx_word' id='word_1_164' title='bbox 854 3071 906 3141; x_wconf 86' lang='lat' dir='ltr'><strong>rei</strong></span> <span class='ocrx_word' id='word_1_165' title='bbox 932 3070 1195 3166; x_wconf 85' lang='lat' dir='ltr'><strong>magnitudine,</strong></span> <span class='ocrx_word' id='word_1_166' title='bbox 1282 3056 1285 3062; x_wconf 29' lang='lat'>⁸</span> 
     </span>
     <span class='ocr_line' id='line_1_24' title="bbox 134 3185 1196 3287; baseline -0.001 -27"><span class='ocrx_word' id='word_1_167' title='bbox 134 3213 202 3260; x_wconf 90' lang='lat' dir='ltr'><strong>nos</strong></span> <span class='ocrx_word' id='word_1_168' title='bbox 221 3212 324 3287; x_wconf 88' lang='lat' dir='ltr'><strong>posse</strong></span> <span class='ocrx_word' id='word_1_169' title='bbox 340 3185 454 3261; x_wconf 80' lang='lat' dir='ltr'><strong>secere</strong></span> <span class='ocrx_word' id='word_1_170' title='bbox 471 3186 740 3284; x_wconf 85' lang='lat' dir='ltr'><strong>profiteremur,</strong></span> <span class='ocrx_word' id='word_1_171' title='bbox 757 3201 877 3260; x_wconf 83' lang='lat' dir='ltr'><strong>tamen</strong></span> <span class='ocrx_word' id='word_1_172' title='bbox 894 3187 979 3283; x_wconf 84' lang='lat' dir='ltr'><strong>quio</strong></span> <span class='ocrx_word' id='word_1_173' title='bbox 997 3200 1101 3259; x_wconf 85' lang='lat' dir='ltr'><strong>tantae</strong></span> <span class='ocrx_word' id='word_1_174' title='bbox 1118 3211 1196 3261; x_wconf 88' lang='lat' dir='ltr'><strong>ma-</strong></span> 
     </span>
     <span class='ocr_line' id='line_1_25' title="bbox 129 3303 1197 3402; baseline 0.001 -25"><span class='ocrx_word' id='word_1_175' title='bbox 129 3305 263 3402; x_wconf 79' lang='lat' dir='ltr'><strong>jestatis</strong></span> <span class='ocrx_word' id='word_1_176' title='bbox 290 3318 395 3402; x_wconf 88' lang='lat' dir='ltr'><strong>atque</strong></span> <span class='ocrx_word' id='word_1_177' title='bbox 427 3303 608 3400; x_wconf 86' lang='lat' dir='ltr'><strong>dignitatis</strong></span> <span class='ocrx_word' id='word_1_178' title='bbox 634 3304 700 3377; x_wconf 91' lang='lat' dir='ltr'><strong>viri</strong></span> <span class='ocrx_word' id='word_1_179' title='bbox 727 3328 849 3401; x_wconf 90' lang='lat' dir='ltr'><strong>preces</strong></span> <span class='ocrx_word' id='word_1_180' title='bbox 868 3303 996 3376; x_wconf 88' lang='lat' dir='ltr'><strong>merito</strong></span> <span class='ocrx_word' id='word_1_181' title='bbox 1021 3317 1089 3401; x_wconf 86' lang='lat' dir='ltr'><strong>pro</strong></span> <span class='ocrx_word' id='word_1_182' title='bbox 1114 3303 1197 3399; x_wconf 85' lang='lat' dir='ltr'><strong>jus-</strong></span> 
     </span>
     <span class='ocr_line' id='line_1_26' title="bbox 132 3417 1194 3519; baseline 0 -27"><span class='ocrx_word' id='word_1_183' title='bbox 132 3422 234 3493; x_wconf 91' lang='lat' dir='ltr'><strong>sione</strong></span> <span class='ocrx_word' id='word_1_184' title='bbox 260 3421 422 3519; x_wconf 85' lang='lat' dir='ltr'><strong>accipere</strong></span> <span class='ocrx_word' id='word_1_185' title='bbox 448 3418 695 3513; x_wconf 86' lang='lat' dir='ltr'><strong>debebamus,</strong></span> <span class='ocrx_word' id='word_1_186' title='bbox 720 3443 787 3517; x_wconf 92' lang='lat' dir='ltr'><strong>pro</strong></span> <span class='ocrx_word' id='word_1_187' title='bbox 813 3417 1033 3491; x_wconf 23' lang='lat' dir='ltr'><strong>obedientie*</strong></span> <span class='ocrx_word' id='word_1_188' title='bbox 1052 3417 1194 3513; x_wconf 77' lang='lat' dir='ltr'><strong>debito,</strong></span> 
     </span>
     <span class='ocr_line' id='line_1_27' title="bbox 132 3535 1198 3631; baseline 0.001 -23"><span class='ocrx_word' id='word_1_189' title='bbox 132 3537 239 3610; x_wconf 92' lang='lat' dir='ltr'><strong>simul</strong></span> <span class='ocrx_word' id='word_1_190' title='bbox 255 3539 363 3612; x_wconf 88' lang='lat' dir='ltr'><strong>etiam</strong></span> <span class='ocrx_word' id='word_1_191' title='bbox 378 3563 422 3610; x_wconf 81' lang='lat' dir='ltr'><strong>ex</strong></span> <span class='ocrx_word' id='word_1_192' title='bbox 437 3537 582 3631; x_wconf 79' lang='lat' dir='ltr'><strong>ferventi</strong></span> <span class='ocrx_word' id='word_1_193' title='bbox 598 3535 754 3608; x_wconf 86' lang='lat' dir='ltr'><strong>caritatis</strong></span> <span class='ocrx_word' id='word_1_194' title='bbox 771 3537 847 3608; x_wconf 81' lang='lat' dir='ltr'><strong>nelo</strong></span> <span class='ocrx_word' id='word_1_195' title='bbox 864 3551 900 3609; x_wconf 80' lang='lat' dir='ltr'><strong>et</strong></span> <span class='ocrx_word' id='word_1_196' title='bbox 913 3536 1090 3609; x_wconf 80' lang='lat' dir='ltr'><strong>viscerosa</strong></span> <span class='ocrx_word' id='word_1_197' title='bbox 1101 3559 1198 3609; x_wconf 80' lang='lat' dir='ltr'><strong>com·</strong></span> 
     </span>
     <span class='ocr_line' id='line_1_28' title="bbox 133 3650 1197 3753; baseline -0.002 -26"><span class='ocrx_word' id='word_1_198' title='bbox 133 3655 318 3753; x_wconf 87' lang='lat' dir='ltr'><strong>passione,</strong></span> <span class='ocrx_word' id='word_1_199' title='bbox 337 3677 445 3750; x_wconf 88' lang='lat' dir='ltr'><strong>quam</strong></span> <span class='ocrx_word' id='word_1_200' title='bbox 463 3653 621 3729; x_wconf 87' lang='lat' dir='ltr'><strong>donante</strong></span> <span class='ocrx_word' id='word_1_201' title='bbox 638 3654 705 3727; x_wconf 87' lang='lat' dir='ltr'><strong>Dei</strong></span> <span class='ocrx_word' id='word_1_202' title='bbox 726 3652 969 3726; x_wconf 88' lang='lat' dir='ltr'><strong>misericordia</strong></span> <span class='ocrx_word' id='word_1_203' title='bbox 986 3650 1033 3723; x_wconf 89' lang='lat' dir='ltr'><strong>ad</strong></span> <span class='ocrx_word' id='word_1_204' title='bbox 1049 3651 1197 3725; x_wconf 88' lang='lat' dir='ltr'><strong>miseros</strong></span> 
     </span>
     <span class='ocr_line' id='line_1_29' title="bbox 133 3765 1194 3867; baseline -0.002 -25"><span class='ocrx_word' id='word_1_205' title='bbox 133 3770 213 3844; x_wconf 89' lang='lat' dir='ltr'><strong>illos</strong></span> <span class='ocrx_word' id='word_1_206' title='bbox 233 3783 269 3840; x_wconf 83' lang='lat' dir='ltr'><strong>et</strong></span> <span class='ocrx_word' id='word_1_207' title='bbox 283 3768 510 3843; x_wconf 84' lang='lat' dir='ltr'><strong>calamitosos</strong></span> <span class='ocrx_word' id='word_1_208' title='bbox 533 3769 688 3867; x_wconf 88' lang='lat' dir='ltr'><strong>pupulos</strong></span> <span class='ocrx_word' id='word_1_209' title='bbox 709 3768 809 3863; x_wconf 85' lang='lat' dir='ltr'><strong>regni</strong></span> <span class='ocrx_word' id='word_1_210' title='bbox 828 3792 967 3865; x_wconf 89' lang='lat' dir='ltr'><strong>semper</strong></span> <span class='ocrx_word' id='word_1_211' title='bbox 986 3765 1194 3857; x_wconf 80' lang='lat' dir='ltr'><strong>habuimus,</strong></span> 
     </span>
     <span class='ocr_line' id='line_1_30' title="bbox 133 3882 1196 3983; baseline -0.002 -26"><span class='ocrx_word' id='word_1_212' title='bbox 133 3885 285 3959; x_wconf 86' lang='lat' dir='ltr'><strong>libenter</strong></span> <span class='ocrx_word' id='word_1_213' title='bbox 311 3884 358 3958; x_wconf 86' lang='lat' dir='ltr'><strong>ad</strong></span> <span class='ocrx_word' id='word_1_214' title='bbox 387 3884 575 3958; x_wconf 88' lang='lat' dir='ltr'><strong>consilium</strong></span> <span class='ocrx_word' id='word_1_215' title='bbox 603 3909 709 3983; x_wconf 90' lang='lat' dir='ltr'><strong>super</strong></span> <span class='ocrx_word' id='word_1_216' title='bbox 735 3883 911 3982; x_wconf 85' lang='lat' dir='ltr'><strong>praedictis</strong></span> <span class='ocrx_word' id='word_1_217' title='bbox 933 3882 1106 3978; x_wconf 85' lang='lat' dir='ltr'><strong>majestati</strong></span> <span class='ocrx_word' id='word_1_218' title='bbox 1125 3905 1196 3955; x_wconf 86' lang='lat' dir='ltr'><strong>suae</strong></span> 
     </span>
     <span class='ocr_line' id='line_1_31' title="bbox 134 3996 1196 4099; baseline -0.001 -27"><span class='ocrx_word' id='word_1_219' title='bbox 134 4000 285 4075; x_wconf 83' lang='lat' dir='ltr'><strong>fideliter</strong></span> <span class='ocrx_word' id='word_1_220' title='bbox 311 3999 551 4099; x_wconf 73' lang='lat' dir='ltr'><strong>prestandum</strong></span> <span class='ocrx_word' id='word_1_221' title='bbox 567 4024 713 4099; x_wconf 82' lang='lat' dir='ltr'><strong>operam</strong></span> <span class='ocrx_word' id='word_1_222' title='bbox 733 3999 899 4074; x_wconf 91' lang='lat' dir='ltr'><strong>dedimus</strong></span> <span class='ocrx_word' id='word_1_223' title='bbox 915 4027 924 4089; x_wconf 90' lang='lat'>;</span> <span class='ocrx_word' id='word_1_224' title='bbox 949 4023 1016 4073; x_wconf 89' lang='lat' dir='ltr'><strong>nec</strong></span> <span class='ocrx_word' id='word_1_225' title='bbox 1033 3996 1196 4071; x_wconf 90' lang='lat' dir='ltr'><strong>laborem</strong></span> 
     </span>
     <span class='ocr_line' id='line_1_32' title="bbox 134 4115 1195 4216; baseline -0.001 -28"><span class='ocrx_word' id='word_1_226' title='bbox 134 4116 268 4207; x_wconf 91' lang='lat' dir='ltr'><strong>ullum,</strong></span> <span class='ocrx_word' id='word_1_227' title='bbox 295 4115 393 4190; x_wconf 90' lang='lat' dir='ltr'><strong>unde</strong></span> <span class='ocrx_word' id='word_1_228' title='bbox 420 4130 538 4191; x_wconf 70' lang='lat' dir='ltr'><strong>munis</strong></span> <span class='ocrx_word' id='word_1_229' title='bbox 563 4116 696 4213; x_wconf 85' lang='lat' dir='ltr'><strong>sperari</strong></span> <span class='ocrx_word' id='word_1_230' title='bbox 718 4130 836 4216; x_wconf 89' lang='lat' dir='ltr'><strong>posset</strong></span> <span class='ocrx_word' id='word_1_231' title='bbox 859 4127 1097 4215; x_wconf 88' lang='lat' dir='ltr'><strong>proventurus</strong></span> <span class='ocrx_word' id='word_1_232' title='bbox 1120 4137 1195 4187; x_wconf 87' lang='lat' dir='ltr'><strong>esse</strong></span> 
     </span>
     <span class='ocr_line' id='line_1_33' title="bbox 136 4229 1196 4331; baseline -0.006 -20"><span class='ocrx_word' id='word_1_233' title='bbox 136 4232 286 4328; x_wconf 59' lang='lat' dir='ltr'><strong>ducum</strong></span> <span class='ocrx_word' id='word_1_234' title='bbox 301 4245 476 4331; x_wconf 78' lang='lat' dir='ltr'><strong>quantum</strong></span> <span class='ocrx_word' id='word_1_235' title='bbox 497 4257 542 4307; x_wconf 83' lang='lat' dir='ltr'><strong>ex</strong></span> <span class='ocrx_word' id='word_1_236' title='bbox 552 4230 671 4308; x_wconf 86' lang='lat' dir='ltr'><strong>verbis</strong></span> <span class='ocrx_word' id='word_1_237' title='bbox 687 4247 725 4307; x_wconf 89' lang='lat' dir='ltr'><strong>et</strong></span> <span class='ocrx_word' id='word_1_238' title='bbox 743 4229 969 4309; x_wconf 86' lang='lat' dir='ltr'><strong>sermonibus</strong></span> <span class='ocrx_word' id='word_1_239' title='bbox 987 4231 1078 4324; x_wconf 87' lang='lat' dir='ltr'><strong>suis,</strong></span> <span class='ocrx_word' id='word_1_240' title='bbox 1096 4229 1196 4329; x_wconf 85' lang='lat' dir='ltr'><strong>quod</strong></span> 
     </span>
    </p>
   </div>
   <div class='ocr_carea' id='block_1_4' title="bbox 0 0 1478 5070">
    <p class='ocr_par' dir='ltr' id='par_1_5' title="bbox 0 0 1478 5070">
     <span class='ocr_line' id='line_1_34' title="bbox 0 0 1478 5070; baseline 0 0"><span class='ocrx_word' id='word_1_241' title='bbox 0 0 1478 5070; x_wconf 95' lang='lat' dir='ltr'><strong> </strong></span> 
     </span>
    </p>
   </div>
  </div>
 </body>
</html>
