2946 5070
213 473 271 530 l00
487 470 743 528 fflsromanuu
762 469 940 529 muovtcr
959 470 1004 526 xl

213 606 321 676 etiam
332 601 478 675 abducti
491 602 634 698 captivi.
648 603 784 693 Caeteri,
805 601 889 696 fuga
902 599 1026 697 elapsi,
1040 622 1126 669 cum
1144 597 1279 692 ingenti

215 744 347 819 pavore
365 720 457 789 intra
476 718 608 789 moenia
629 742 748 789 suase
766 730 978 815 reoepenmt
988 719 1011 785 ¹.

263 839 426 922 Quantus
442 848 561 905 autem
580 834 709 926 luctus,
729 858 807 929 quae
823 834 980 905 lamenta
996 831 1034 901 in
1056 829 1201 901 civitate
1218 852 1280 899 au·

215 952 289 1025 dita
313 967 395 1023 sunt
416 925 662 1048 plarigentium
687 950 820 1022 liberos
843 963 1053 1047 parentum,
1074 945 1282 1018 liberorum

197 1080 398 1163 parenteS,
417 1065 566 1136 fratrum
582 1065 719 1158 fratres,
746 1089 899 1136 uxorum
921 1063 1089 1153 maritos,
1113 1085 1283 1132 carorum

215 1183 361 1255 allectus
379 1207 464 1254 suos
478 1182 514 1253 in
532 1207 577 1253 eo
595 1183 723 1280 proelio
738 1207 865 1275 caesos,
893 1185 951 1252 vix
973 1179 1191 1252 sufficienter
1208 1177 1282 1248 ullo

214 1322 380 1371 sermone
393 1299 525 1394 aequari
542 1312 673 1396 posset.
692 1304 776 1371 Erat
791 1297 951 1396 profecto

304 1495 419 1560 Luctus
436 1495 567 1584 ubique,
586 1520 685 1586 pavor
702 1512 734 1561 et
749 1495 886 1586 plurima
901 1496 1014 1560 mortis
1027 1493 1147 1583 imago.

266 1691 348 1757 llaee
364 1686 507 1756 suerunt
530 1685 646 1757 felicia
668 1686 825 1783 auspicia
854 1686 1056 1758 futurorum
1078 1684 1282 1775 bonorum,

215 1826 295 1898 quae
306 1803 356 1873 eis
369 1826 454 1872 suus
464 1825 579 1872 novus
593 1801 791 1890 ruwardus,
804 1824 912 1896 quem
925 1816 1112 1900 tantopere
1122 1814 1284 1895 regentes

216 1918 394 1988 civitatem
412 1917 648 2014 expetierant,
666 1918 820 2007 invexit,
841 1916 901 1988 hic
920 1918 1055 1988 fructus
1070 1916 1283 2014 applausus,

216 2056 326 2128 quem
337 2031 406 2102 sibi
421 2032 632 2128 ignorantiae
646 2046 753 2127 atque
765 2033 873 2103 etiam
889 2033 1030 2103 malitiae
1046 2032 1204 2104 tenebris
1222 2030 1288 2102 ob-

215 2147 323 2219 ducta
338 2147 441 2246 plebs
454 2148 630 2239 invalida,
650 2149 722 2219 suis
741 2165 923 2221 assentans
939 2149 1151 2239 rectoribus,
1169 2149 1288 2221 eidem

217 2265 383 2336 ruwardo
406 2264 634 2357 adventanti,
661 2267 767 2337 tertio
793 2281 877 2338 ante
900 2266 979 2356 die,
1008 2266 1139 2338 fecerat
1161 2291 1204 2339 ac
1232 2290 1290 2337 oe·

218 2380 390 2472 lebrarat3
421 2382 497 2453 haec
523 2406 723 2480 oppressae,
756 2384 807 2454 uti
833 2382 1064 2479 jactitabant,
1092 2407 1288 2481 persuum

219 2497 426 2597 pontificem
445 2523 517 2570 suae
533 2500 710 2571 restitutio
727 2498 911 2572 libertatis.

268 2614 375 2702 Quod
404 2614 433 2685 si
454 2614 573 2685 hostes
588 2616 787 2707 civitatem,
811 2616 879 2688 hac
897 2613 998 2687 clade
1015 2629 1202 2711 suscepta,
1218 2629 1287 2686 sta·

220 2733 284 2802 tim
301 2730 445 2827 aggredi
466 2745 501 2801 et
528 2755 733 2828 expugnare
755 2747 972 2820 tentassent,
998 2732 1081 2802 satis
1099 2731 1289 2802 verisimile

219 2864 272 2920 est
287 2847 386 2943 quod
402 2848 442 2918 in
459 2871 503 2918 ea
521 2848 783 2946 expugnanda,
801 2850 852 2920 sic
867 2862 906 2918 ut
928 2864 1003 2920 erat
1020 2863 1107 2918 tunc
1122 2847 1289 2918 exterrita

221 2980 256 3035 et
275 2965 372 3034 velut
397 2964 584 3059 exsanguis
601 2964 746 3056 elleota,
776 2966 1010 3036 resistentiam
1028 2965 1111 3035 satis
1134 2963 1290 3035 debilem

222 3082 450 3151 invenissent.
470 3080 541 3151 Sed
567 3080 812 3152 misericordia
836 3082 902 3151 Dei
929 3080 1143 3175 benigniora
1168 3081 1288 3178 provi·

223 3195 343 3284 dente,
360 3192 408 3265 ab
425 3195 486 3265 illo
502 3210 588 3266 tunc
605 3196 765 3293 periculo
781 3197 990 3267 imminente
1006 3198 1130 3267 civitas
1145 3220 1291 3294 praeser·

224 3328 305 3384 vata
317 3313 458 3383 exstitit.
476 3317 556 3383 Non
568 3314 665 3384 enim
681 3315 757 3385 vult
772 3318 869 3384 Deus
875 3367 885 3400 ‚
903 3329 942 3384 ut
956 3329 1100 3386 sanctus
1113 3313 1290 3412 propbeta

224 3431 339 3521 canit,
358 3445 511 3501 mortem
529 3433 745 3528 peccatoris,
772 3432 834 3503 sed
861 3433 972 3527 magis
995 3429 1035 3502 irt
1060 3446 1291 3502 convertatur

225 3558 259 3614 et
275 3545 383 3615 vivat.

279 3663 384 3731 Erant
404 3661 512 3732 etiam
535 3662 570 3731 in
593 3664 734 3734 civitate
757 3665 986 3762 quamplures
1008 3664 1076 3733 sa'ri
1102 3663 1224 3766 devoti
1250 3684 1290 3731 ac

226 3775 398 3872 religiosi,
419 3775 554 3872 quibus·
569 3778 708 3850 molitio
725 3803 873 3850 suorum
888 3780 1089 3877 regentium
1102 3778 1292 3849 vehemen-

265 4043 294 4097 l.
318 4041 358 4095 Le
379 4037 575 4116 chroniquenr
588 4037 749 4096 hollandais
767 4037 865 4116 publio
879 4059 931 4116 par
944 4037 1112 4110 Mattheus,
1126 4036 1292 4095 conforme-

226 4145 304 4189 ment
324 4134 341 4188 a
359 4151 393 4188 ee
413 4137 502 4209 qu’on
519 4136 598 4190 vient
619 4131 656 4189 de
675 4133 728 4189 lire
752 4131 824 4191 dans
844 4133 871 4191 le
890 4146 967 4190 texte
985 4131 1022 4189 de
1042 4131 1170 4190 Thomas
1191 4129 1290 4199 Rasin,

224 4225 306 4305 place
318 4237 394 4284 cette
406 4225 510 4284 debite
523 4246 562 4283 au
576 4228 616 4283 26
631 4224 784 4284 decembre
798 4230 886 4285 aaut.
