2946 5070
594 510 702 567 unus
731 510 882 570 SEXTUS.
1222 514 1255 570 21

202 641 333 738 scripta
354 641 558 713 authentica
571 655 746 712 exstarent
762 655 798 712 et
811 639 973 713 conlecta
989 638 1147 734 fuissent,
1165 658 1261 741 pete-

202 756 291 830 bant
309 773 350 829 ut
365 758 441 856 ipsa
461 755 705 854 hujuscemodi
728 756 883 854 paternis
900 757 944 828 de
959 781 996 827 se
1016 758 1260 854 promissioni·

201 873 268 946 bus
279 873 379 946 sactis
401 898 584 945 assensum
596 898 701 944 suum
712 895 869 944 annuere
881 896 923 965 ac
949 886 1113 971 praestare
1128 873 1235 972 yellet
1251 902 1272 967 3¹

201 988 300 1088 quod
316 991 345 1061 si
360 991 473 1062 lacere
487 989 607 1081 vellet,
630 988 763 1061 habere
780 1013 817 1060 se
831 989 1039 1061 mandatum
1053 1003 1269 1086 procurato-j

200 1106 311 1178 rium¹
327 1105 484 1178 validum
497 1129 519 1176 a
530 1105 625 1176 dicto
635 1105 760 1176 illustri
771 1105 1166 1203 Maximilianmsponso
1179 1130 1262 1205 suo,-

202 1220 246 1293 de
263 1219 441 1293 firmando
455 1245 538 1292 cum
552 1244 594 1293 ea
609 1245 747 1293 sacrum
762 1221 917 1317 conjugii
931 1220 1064 1311 soedus,
1078 1209 1184 1292 etiam
1198 1245 1261 1318 per

202 1335 325 1428 verba,
337 1336 382 1408 de
394 1338 567 1435 praescnti.
585 1339 676 1408 Sane
689 1361 772 1408 cum
782 1336 842 1408 tali
856 1337 999 1434 conjugi
1012 1331 1156 1433 tamque
1168 1337 1261 1408 illus·

200 1453 245 1523 tri
261 1453 423 1550 copulari
436 1452 599 1525 eamdem
612 1453 858 1550 principissam
876 1477 1000 1524 omnes
1025 1452 1133 1524 ferme
1157 1438 1262 1523 terra·

200 1592 282 1639 rum
293 1592 438 1640 suarum
451 1569 579 1641 accolae
586 1592 717 1663 magno
731 1567 937 1640 affectarent
951 1567 1139 1660 desiderio,
1153 1560 1261 1664 idque

200 1683 266 1781 ipsi
283 1684 390 1754 etiam
405 1684 530 1781 puellae
554 1682 727 1780 placeret,
750 1708 829 1779 quae
851 1683 1011 1781 prolecto
1025 1682 1100 1778 Jam
1123 1694 1261 1754 matura

200 1799 278 1870 viro
299 1823 343 1871 ac
357 1799 487 1871 nubilis
497 1801 588 1895 (erat
606 1822 713 1894 agens
731 1798 840 1870 aetatis
858 1797 997 1869 circiter
1012 1822 1072 1868 xrx
1089 1797 1257 1893 anuum),

200 1914 307 2010 louge
323 1917 441 2014 potius
458 1916 608 1987 nuberet
624 1915 717 2013 pari,
733 1914 793 1986 tali
809 1913 976 2013 copulata
986 1915 1136 2006 marite,
1151 1937 1260 2010 quam

201 2031 230 2103 si
246 2034 374 2130 nuptui
392 2032 512 2104 fuisset
526 2033 608 2104 data
624 2033 720 2128 regio
732 2031 879 2124 delfino,
896 2056 1008 2130 puero
1025 2032 1084 2102 vix
1097 2031 1258 2119 octenni,

200 2145 507 2244 quemadmodum
528 2149 601 2246 ipse
634 2172 695 2218 rex
726 2146 800 2218 fieri
834 2147 995 2218 voluerat
1023 2147 1139 2244 (erant
1163 2146 1259 2217 enim

131 2260 139 2272 '
201 2262 459 2335 Maximilianus
479 2278 515 2334 et
529 2264 647 2361 puella
667 2264 824 2360 ejusdem
842 2288 954 2363 prope
972 2264 1119 2361 aetatis):
1139 2264 1261 2362 paucis

201 2379 306 2476 igitur
318 2393 400 2477 post
419 2381 571 2451 emensis
584 2379 722 2472 diebus,
742 2382 1009 2453 matrimonium
1030 2382 1146 2480 ipsum
1160 2381 1259 2477 juxta

200 2495 431 2594 sponsionem
464 2512 652 2593 parentum
683 2511 736 2568 est
767 2497 978 2584 conclusum
1011 2512 1048 2570 et
1078 2495 1259 2569 firmatum

200 2611 307 2682 etiam
324 2635 387 2708 per
402 2611 512 2683 verba
530 2611 574 2684 de
603 2614 797 2710 praeseuti¹.
817 2615 859 2684 Et
879 2613 1084 2708 hujusmodi
1113 2614 1259 2709 quidem

201 2726 498 2799 matrimonialem
530 2741 752 2799 contractum
777 2728 1035 2800 Maximilianus
1057 2752 1121 2827 per
1146 2728 1260 2824 legiti-

200 2866 300 2912 mum
316 2857 602 2940 procuratorem,
624 2842 838 2915 sufficienter
854 2842 1059 2935 fundatum,
1079 2844 1155 2940 ipsa
1173 2868 1259 2915 vero

200 2958 318 3056 puella
339 2983 403 3057 per
422 2959 594 3057 seipsam,
615 2961 719 3056 gestis
738 2958 891 3057 publicis
918 2958 1255 3050 intervenientibus,

174 3097 322 3145 -coram
346 3073 508 3173 pluribus
526 3074 719 3146 illustribus
740 3073 885 3148 testibus
906 3075 1147 3174 perfecerunt,
1174 3100 1258 3147 cum

199 3189 311 3261 multa
328 3190 506 3263 alacritate
523 3205 558 3261 et
588 3191 706 3263 laetitia
732 3192 894 3263 omnium
919 3191 989 3267 scre
1003 3193 1205 3263 accolarum
1223 3207 1259 3263 et

200 3303 426 3376 subditorum
438 3307 547 3403 ipsius
561 3307 775 3405 principissae
789 3322 974 3378 terrarum.

247 3425 369 3516 Neque
387 3437 505 3525 tamen
530 3423 568 3492 id
592 3446 721 3517 negare
753 3422 885 3513 ausim,
902 3424 1130 3521 quamplures
1151 3423 1257 3494 etiam

201 3535 305 3607 luisse
319 3537 364 3607 de
372 3535 522 3609 subditis
531 3537 639 3635 ipsius
648 3538 874 3636 principissae,
892 3539 967 3634 qui,
977 3538 1024 3609 ad
1038 3538 1259 3612 obviandum

199 3651 358 3748 periculo
383 3653 483 3750 quod
507 3654 693 3735 imminere
709 3653 754 3723 de
771 3655 861 3750 regis
886 3653 1132 3748 indignatione
1153 3669 1259 3750 atque

200 3765 400 3861 inimicitia,
414 3783 450 3838 et
465 3792 617 3866 praescus
641 3767 911 3865 quodammodo
929 3771 1154 3860 cernebatur,
1186 3793 1260 3840 ma·

200 3881 344 3955 luissent
356 3884 492 3982 placitis
507 3884 598 3979 regis
613 3884 716 3956 luisse
737 3884 1033 3985 obtemperatum.
1061 3887 1183 3984 Atqui,
1209 3887 1260 3956 uti

197 3997 270 4092 jam
288 3999 453 4085 diximus,
473 4015 546 4072 tam
558 4024 669 4099 prava
685 4015 720 4072 et
732 4003 872 4074 sinistra
885 4005 1009 4102 opinio
1022 4005 1067 4076 de
1077 4004 1167 4100 regis
1180 4027 1260 4101 per·

241 4171 268 4228 l.
290 4174 501 4229 Procuratorem
517 4171 588 4232 dans
602 4172 629 4230 le
643 4171 807 4231 manuscrit.

122 4285 134 4303 ·
240 4265 269 4322 2.
292 4269 329 4323 27
345 4264 417 4322 avril
435 4267 522 4323 ΜΠ.
