2946 5070
594 475 701 531 LIBER
721 471 870 532 SEXTUS.
1203 475 1257 531 iil

202 603 434 704 respuebant,
465 606 684 678 contrarium
706 605 743 675 in
760 603 868 699 vulgo
893 602 993 674 omni
1019 600 1078 674 die
1099 602 1261 676 dissemi-

203 735 349 811 nantes,
368 721 467 817 quod
480 722 584 793 novis
599 720 760 818 quotidie
779 718 973 819 pascebant
994 733 1029 790 et
1045 717 1262 792 deludebant

203 836 399 911 mendaciis
414 853 450 908 et
466 836 664 933 tigmentis,
683 852 723 909 ut
737 839 874 935 ipsum,
893 833 1139 908 miserabiliter
1155 835 1262 908 afflic-

202 966 282 1025 tum
303 969 338 1025 et
362 953 611 1050 defatigatum,
630 953 759 1027 talibus
774 953 821 1025 ab
846 952 998 1024 inventis
1015 966 1208 1048 utcumque
1224 953 1261 1022 in

203 1092 303 1166 spem
320 1070 495 1165 erigerent
509 1085 545 1142 et
564 1094 586 1142 a
603 1070 796 1142 rebellione
810 1093 852 1142 ac
871 1092 1055 1140 murmure
1072 1066 1262 1140 adversum

201 1209 240 1257 se
255 1185 477 1258 cohiberent.
498 1187 655 1261 Tandem
670 1201 808 1275 tamen,
835 1192 921 1284 post'
940 1185 1077 1282 aliquot
1098 1209 1262 1258 emensos

203 1325 361 1393 menses,
386 1328 469 1375 cum
495 1303 632 1400 liquido
659 1317 882 1400 compertum
910 1300 1100 1374 haberetur
1125 1326 1262 1373 merca·

201 1430 299 1488 tores
321 1417 416 1489 ultro
432 1419 592 1514 citroque
614 1442 677 1490 sua
702 1417 813 1490 libere
836 1441 999 1489 exercere
1021 1416 1257 1504 commercia,

201 1529 249 1602 de
272 1531 515 1630 publicatione
542 1533 648 1606 etiam
677 1533 787 1630 ipsius
813 1531 928 1629 pacis,
947 1531 1152 1604 solemniter
1178 1555 1261 1601 cum

201 1646 339 1743 ingenti
365 1648 483 1721 laetitia
507 1673 571 1747 per
596 1651 719 1722 omnia
744 1649 895 1744 insignia
927 1647 1063 1747 oppida
1085 1662 1261 1719 terrarum

202 1760 304 1834 ducis
339 1761 481 1863 [sacta],
507 1765 627 1863 palam
656 1764 824 1837 omnibus
854 1766 1106 1852 innotesceret,
1135 1762 1261 1861 pacem

201 1876 252 1949 sic
284 1876 431 1967 factam,
465 1881 566 1952 inviti
595 1879 679 1952 lieet
711 1895 747 1953 et
784 1880 978 1977 plurimum
1011 1878 1257 1966 abhorrentes,

201 1993 347 2067 credere
362 1976 538 2093 compulsi
553 2010 647 2068 sunt.

251 2109 438 2184 iactabant
452 2137 538 2184 vero
555 2137 635 2185 earn
652 2112 716 2184 diu
731 2137 805 2186 non
824 2114 900 2184 sore
915 2111 1121 2183 duraturam
1138 2109 1260 2206 (quod

199 2229 297 2298 Deus
312 2226 504 2301 clementer
518 2242 654 2307 avertat
669 2225 677 2298 l
691 2227 705 2323 )
721 2243 757 2301 et
772 2229 810 2300 in
821 2225 1066 2325 hujuscemodi
1085 2223 1174 2296 fictis
1189 2250 1261 2297 ser·

200 2343 386 2434 monibus,
407 2367 498 2440 quos
524 2344 664 2416 assidue
678 2346 715 2416 in
740 2345 847 2442 vulgo
871 2341 1174 2431 disseminabant,
1193 2368 1260 2440 po·

201 2474 325 2531 nentes
336 2483 437 2557 spem
450 2482 552 2532 suam
568 2461 813 2551 mendacium,
828 2485 903 2533 sese
917 2475 953 2533 et
966 2461 1016 2532 eis
1027 2459 1257 2550 adhaerentes,

201 2577 253 2649 uti
277 2592 459 2676 poterant,
481 2575 702 2650 solabantur.
721 2579 814 2651 Sane
835 2579 865 2649 si
881 2601 983 2649 mens
1000 2577 1051 2648 eis
1072 2600 1148 2647 non
1168 2600 1260 2649 caeca

201 2705 307 2790 atque
330 2692 455 2766 insana
479 2691 618 2783 luisset,
643 2695 727 2767 satis
743 2693 873 2764 moniti
889 2716 965 2764 esse
991 2690 1190 2764 debuerant
1214 2691 1260 2762 de

201 2807 286 2899 illo,
304 2808 404 2905 quod
419 2808 579 2905 quotidie
597 2809 642 2882 de
657 2833 758 2883 sacro
775 2809 914 2907 psalmo
928 2832 993 2907 per
1009 2831 1135 2878 omnes
1150 2805 1260 2878 eccle·

201 2922 270 2996 sias
285 2925 424 2997 canitur
442 2950 452 2996 z
477 2925 619 2997 «Nolite
636 2923 818 2997 confidere
842 2925 880 2995 in
906 2922 1127 3022 principibus
1143 2947 1260 3020 neque

201 3040 238 3112 in
255 3039 338 3112 filiis
352 3040 556 3130 hominum,
575 3041 612 3111 in
627 3040 758 3138 quibus
773 3054 916 3112 nonest
932 3038 1037 3111 salus.
1052 3037 1183 3110 »Unde
1197 3063 1260 3137 per

201 3157 390 3259 Ieremiam
407 3157 621 3256 perpulchre
640 3161 735 3230 Deus
759 3153 852 3254 [nos]
876 3153 1047 3227 admonet
1066 3154 1255 3250 inquiens:

203 3273 444 3346 «Maledictus
476 3274 537 3370 qui
568 3273 717 3346 conlidit
743 3275 781 3345 in
813 3273 984 3366 homine,
1007 3288 1043 3345 et
1067 3274 1129 3369 qui
1156 3275 1259 3370 ponit

200 3413 346 3462 carnem
373 3388 561 3463 brachium
588 3415 709 3480 suum,
734 3404 771 3462 et
803 3389 944 3461 recessit
967 3413 989 3461 a
1014 3390 1173 3461 Domino
1195 3414 1259 3460 cor

201 3505 289 3600 ejus.
309 3534 327 3572 n
355 3507 425 3579 Sed
449 3520 683 3578 excaecaverat
703 3530 765 3578 eos
783 3503 943 3603 profecto
960 3504 1094 3578 malitia
1109 3529 1254 3596 eorum,

200 3619 327 3723 hisque
355 3623 454 3694 vanis
478 3622 704 3694 illusionibus
731 3636 767 3694 et
796 3620 990 3694 mendaciis
1015 3635 1177 3693 auctores
1201 3646 1255 3692 re·

200 3735 367 3811 bellionis
389 3754 495 3837 atque
510 3763 636 3811 eorum
662 3753 888 3811 assectatores
916 3740 1066 3829 merito,
1093 3764 1159 3838 pro
1187 3740 1258 3810 suis

201 3852 457 3950 impietatibus,
488 3854 605 3951 decipi
630 3853 870 3926 merebantur.
892 3856 982 3926 Satis
1005 3857 1111 3926 etiam
1138 3855 1257 3927 multis

201 3968 238 4038 in
265 3968 433 4061 casibus,
463 3985 498 4042 et
526 3969 671 4066 quidem
704 3970 809 4066 longe
846 3970 1090 4066 gravioribus,
1125 3971 1256 4065 regiam

200 4082 332 4174 iidem,
361 4087 389 4157 si
417 4087 504 4183 quid
538 4101 724 4183 saperent,
755 4101 974 4185 compertam
1001 4084 1166 4184 poterant
1191 4086 1255 4159 ha·

200 4197 331 4272 buisse.
