2896 5070
317 488 375 547 388
745 483 960 557 reomau,

312 646 379 695 seu
408 642 553 692 cainam
575 616 769 705 habentes,
802 614 1021 713 liberiusque
1047 615 1110 688 tali
1136 639 1251 688 onere
1282 613 1385 688 abso·

314 735 414 825 lutis,
432 734 585 834 quietius
602 747 710 831 atque
731 732 956 830 tranquillius
973 731 1141 841 lectioni,
1163 732 1323 806 orationi
1345 756 1385 804 ac

313 852 522 926 suavissimo
570 853 645 924 otio
687 849 1021 950 contemplationis,
1068 848 1384 950 spiritualibusque

311 968 486 1042 exercitiis
513 968 617 1040 liceat
638 965 846 1040 incumbere
867 982 904 1040 et
927 990 1068 1049 vacare.

667 1259 924 1330 carnutum
953 1260 1014 1333 xl.

644 1462 746 1530 Quinta
756 1463 825 1518 ratio
837 1459 1038 1517 consolationis.
1109 1480 1112 1485 ·

358 1650 401 1720 Et
421 1639 498 1720 haec
523 1646 669 1744 quidem
690 1661 817 1745 quarta
847 1648 938 1720 ratio
960 1671 1025 1719 sen
1050 1647 1317 1741 consideratio,
1342 1678 1381 1724 ex

308 1787 380 1861 qua
404 1764 441 1836 in
464 1763 772 1864 persecutionibus
797 1764 928 1835 nostris
951 1765 1212 1837 consolationis
1229 1766 1382 1865 plurima

307 1881 539 1955 delinimenta
567 1896 675 1980 atque
702 1881 861 1953 fomenta
888 1880 1104 1975 invenimuS,
1133 1881 1212 1954 aliae
1239 1908 1382 1982 quoque

306 1997 414 2070 etiam
439 2022 528 2097 quas
552 1998 850 2097 praenotavimus,
871 2021 914 2067 ex
941 1996 1068 2093 quinta
1092 1999 1381 2075 consideratione

307 2116 461 2188 maxime
487 2116 675 2189 firmantur
691 2131 727 2189 et
749 2116 986 2206 roborantur,
1013 2115 1088 2186 imo
1103 2140 1147 2188 er
1166 2117 1246 2216 ipsa
1262 2118 1381 2218 plena·

307 2229 400 2301 rium
421 2231 691 2330 perlectumque
706 2231 927 2321 antidotum,
946 2245 982 2302 et
998 2244 1125 2304 contra
1148 2258 1301 2306 omnem
1323 2235 1381 2308 ad·

306 2346 479 2417 versitatis
493 2345 723 2419 acerbitatem
738 2372 802 2420 seu
819 2345 1059 2419 tribulationis
1075 2346 1132 2419 vel
1149 2347 1304 2422 sortunae
1321 2354 1380 2423 im·

306 2475 430 2561 petum
444 2461 729 2535 efficacissimum
744 2479 852 2560 atque
864 2462 1166 2561 jucundissimum
1182 2469 1377 2541 remedium

307 2604 572 2679 comparamus.
587 2584 668 2679 lpsa
679 2581 812 2679 quippe
826 2595 878 2652 est
892 2578 1090 2652 consolatio
1106 2583 1375 2681 scripturarum.

306 2701 360 2770 De
375 2698 444 2770 hac
468 2698 592 2771 beatus
609 2699 739 2771 Paulus
759 2698 805 2771 ad
824 2701 1005 2770 Romanos
1025 2696 1187 2770 scribens
1208 2728 1217 2770 :
1243 2733 1259 2769 a
1280 2707 1377 2791 Quae·

307 2840 462 2914 cumque
493 2817 591 2887 enim
623 2818 754 2915 scripta
788 2830 872 2887 sunt
904 2847 921 2882 a
949 2817 1066 2913 inquit
1096 2847 1114 2885 «
1146 2818 1194 2890 ad
1223 2836 1376 2895 nostram

306 2929 508 3004 doctrinam
525 2932 656 3030 scripta
672 2939 772 3024 sunt,
793 2945 833 3001 ut
851 2956 915 3030 per
929 2932 1140 3029 patientiam
1158 2948 1195 3006 et
1218 2940 1376 3010 consola·

215 3135 223 3151 ἱ
306 3049 443 3121 tionem
459 3050 716 3148 scripturarum
734 3072 835 3147 spem
858 3046 1076 3140 habeamus3
1102 3079 1120 3117 n
1145 3066 1180 3123 et
1202 3056 1373 3154 propheta

306 3167 424 3262 regius
437 3167 475 3236 in
484 3165 647 3264 psalmo:
667 3195 684 3231 ι(
701 3165 833 3235 Parasti
852 3164 889 3235 in
904 3179 1101 3263 conspectu
1118 3192 1202 3240 meo
1219 3195 1374 3245 mensam

306 3279 438 3351 scilicet
470 3280 726 3377 scripturarum
757 3276 927 3349 adversus
959 3302 1085 3350 omnes
1116 3283 1179 3377 qui
1208 3283 1375 3358 tribulant

305 3419 376 3466 me.
397 3425 414 3463 n
441 3398 481 3466 ln
504 3394 573 3465 hac
599 3418 722 3466 mensa
745 3391 884 3485 divina,
905 3393 943 3464 in
965 3393 1036 3466 hoc
1052 3396 1188 3468 coelesti
1212 3403 1373 3474 convivio

305 3524 411 3582 tantae
433 3510 625 3603 suavitatis,
644 3523 750 3582 tantae
767 3507 997 3581 dulcitudinis
1018 3526 1072 3584 est
1091 3513 1254 3588 invenire
1272 3519 1374 3592 resec

304 3629 459 3720 tionem,
480 3642 520 3697 ut
538 3626 699 3724 prolecto
717 3624 806 3697 nihil
835 3625 926 3698 adeo
950 3625 1069 3721 dulce,
1094 3629 1188 3704 adeo
1212 3659 1319 3707 suave
1342 3651 1375 3708 et

301 3743 503 3842 jucundum
518 3742 555 3812 in
573 3741 654 3813 ullis
675 3739 877 3813 carnalibus
893 3742 1007 3841 epulis
1023 3746 1176 3844 experiri
1196 3750 1277 3845 quis
1293 3776 1374 3849 pos.

305 3861 368 3951 sit,
390 3887 407 3927 a
428 3858 512 3953 quia
531 3853 663 3946 dulcia,
688 3883 706 3921 n
722 3855 840 3950 inquit
862 3879 960 3928 sacer
976 3858 1155 3957 psalmus,
1178 3894 1197 3929 α
1219 3863 1376 3939 faucibus

305 3975 394 4047 meis
409 3972 551 4070 eloquia
568 3987 630 4043 tua
646 3995 752 4069 super
766 3970 905 4044 melori
921 3998 1017 4046 meo.
1040 4006 1057 4041 s
1083 3960 1087 3968 ⁵

354 4094 436 4162 Haec
460 4087 632 4180 dulcedo,
663 4086 738 4158 baec
764 4087 918 4161 suavitas
946 4103 1021 4162 tam
1050 4118 1185 4192 magna
1210 4114 1281 4194 est,
1308 4116 1376 4174 tam

304 4222 448 4307 potens,
482 4203 675 4304 praesertim
706 4227 789 4275 cnm
812 4217 950 4277 reternae
975 4205 1212 4288 beatitudinis
1236 4219 1376 4316 praemia
