2946 5070
485 503 595 559 LIBER
615 501 819 559 SECUNDUS.
1131 507 1189 563 ³7³

127 635 195 710 sibi
214 637 474 724 conciliarunt,
510 634 653 732 suisque
685 634 723 704 in
750 633 820 706 hac
852 658 891 705 re
923 632 1105 708 desideriis
1136 660 1191 709 as·

126 754 338 826 sentientem
365 752 421 823 vel
448 751 663 823 invenerunt
686 749 732 822 ad
754 750 1011 850 opprimendas
1036 752 1192 824 ecclesiae

126 868 305 942 libertates
323 893 364 941 ac
384 866 664 965 jurisdictiones,
689 866 745 938 vel
763 866 976 959 effecerunt,
995 883 1036 941 ut
1056 867 1193 940 nullam

126 1007 273 1080 prorsus
306 1006 349 1053 ex
381 979 566 1079 provincia
599 1001 743 1050 causam
773 1001 836 1050 seu
870 979 1098 1077 praelatorum
1129 1004 1192 1051 seu

127 1098 335 1194 quorumvis
350 1096 513 1177 ‚aliorum
530 1091 577 1167 ad
593 1093 726 1165 dictam
748 1095 961 1193 parlamenti
982 1094 1118 1166 curiam
1136 1094 1192 1167 vel

124 1229 223 1288 extra
250 1214 372 1312 patriae
394 1213 483 1284 fines
504 1209 646 1282 devolvi
671 1224 734 1282 aut
760 1211 902 1283 tractari
927 1210 1120 1309 patiantur.
1152 1211 1194 1281 llt

123 1330 197 1403 boc
217 1330 363 1426 quidem
383 1328 618 1400 obtinuerunt
634 1324 701 1398 snb
717 1340 885 1424 praetextu
903 1326 1089 1424 cujusdam
1105 1352 1194 1425 pre·

125 1449 216 1520 tensi
243 1446 438 1545 privilegii,
465 1442 565 1541 quod
584 1473 601 1509 (ε
629 1457 765 1515 cartam
789 1445 1079 1516 Normannorum
1094 1471 1112 1509 >r
1130 1465 1195 1540 ap-

125 1563 277 1663 pellant,
311 1561 410 1661 quod
442 1562 566 1657 utique
605 1559 732 1632 melius
767 1573 804 1631 et
841 1561 1003 1632 veracius
1035 1560 1196 1632 dicerent

124 1694 230 1775 atque
248 1678 512 1751 nominarent«
535 1699 714 1749 carcerem
738 1677 1065 1748 Normannorum¹.
1089 1702 1107 1742 n

472 1973 730 2044 CAPITULUM
758 1973 834 2041 Vll.

127 2178 165 2230 De
177 2176 281 2251 injuriis
294 2194 353 2248 qnae
365 2174 486 2248 qnotidie
500 2175 615 2248 prelatis
628 2176 657 2229 in
669 2175 836 2230 Normannia
849 2175 1010 2241 inferuntur,
1025 2186 1195 2246 contraque·

400 2263 504 2316 nullum
518 2262 657 2319 inveniunt
669 2264 737 2336 juris
750 2262 909 2319 remedium.

176 2447 227 2516 lta
241 2442 281 2514 lit
294 2458 333 2514 ut
347 2443 513 2541 quotiens
530 2443 656 2515 volunt
667 2458 702 2515 et
713 2444 750 2514 in
763 2442 1049 2542 quibuscumque
1064 2445 1191 2534 causis,

123 2559 204 2655 jura
222 2559 448 2657 praelatorum
464 2573 500 2631 et
515 2559 744 2633 ecclesiarum
760 2561 972 2659 provinciae,
992 2560 1123 2659 quibus
1139 2561 1194 2632 in·

127 2674 312 2746 sensissimi
329 2675 513 2765 exsistunt,
529 2699 655 2747 eorum
665 2676 932 2770 jurisdictiones
948 2690 983 2747 et
999 2675 1190 2768 libertates,

56 2817 58 2821 ’
127 2813 215 2886 quas
247 2790 422 2862 acerrimo
446 2804 713 2888 prosequuntur
744 2790 851 2883 odic,
880 2789 1089 2885 deturbent,
1125 2814 1193 2863 ca-

126 2906 347 2981 lumnientur
372 2920 407 2977 et
435 2905 616 2998 auferant,
642 2931 725 2977 cunr
760 2920 918 2998 tantum,
949 2905 1042 3004 proh
1061 2901 1188 2977 dolori

127 3025 164 3094 in
196 3020 402 3119 hujusmodi
427 3021 567 3118 injuriis
589 3024 736 3121 impune
762 3021 956 3094 inserendis
980 3021 1132 3118 prelatis
1158 3036 1194 3093 et

127 3137 370 3211 ecclesiasticis
393 3138 554 3235 personis
581 3136 716 3210 eisdem
734 3137 852 3230 liceat,
876 3150 1052 3235 quantum
1068 3134 1189 3210 libeat.

128 3255 231 3327 Unde
261 3253 301 3325 fit
331 3268 372 3326 ut
401 3254 561 3350 quotidie
595 3253 825 3326 ecclesiarum
855 3253 987 3351 praelati
1017 3277 1098 3325 suas
1131 3252 1193 3325 de·

129 3370 264 3443 turbari
284 3370 548 3467 jurisdictiones
573 3384 609 3443 et
626 3370 867 3443 immunitates
891 3369 1143 3442 ecclesiasticas
1158 3385 1195 3443 et

129 3487 297 3585 deperdi‚
318 3485 452 3584 absque
482 3487 556 3559 nllo
579 3486 669 3583 juris
696 3486 870 3577 remedio,
895 3487 1039 3559 videant
1062 3501 1097 3559 et
1120 3487 1193 3585 pati

130 3627 272 3675 necesse
302 3599 471 3675 habeant.
503 3601 612 3690 Quod
637 3600 722 3673 viris
746 3601 915 3673 animosis
945 3617 981 3674 et
1012 3601 1099 3675 boni
1130 3602 1195 3675 zeli

129 3737 305 3820 quantum
321 3720 477 3812 doloris,
499 3720 684 3793 anxietatis
709 3735 815 3817 atque
835 3720 1037 3793 afflictionis
1056 3718 1192 3813 afferat,

128 3839 187 3909 vix
216 3836 432 3908 sufficienter
462 3838 612 3934 exprimi
643 3851 775 3935 posset.
809 3840 888 3908 Jam
914 3837 1076 3936 prolecto
1110 3837 1194 3909 uni·

129 3954 272 4048 cuique,
294 3976 368 4023 non
386 3952 497 4025 modo
510 3952 623 4049 judici
639 3954 747 4025 ctiam
766 3953 996 4051 quantumvis
1011 3950 1193 4051 pedaneo,

170 4157 200 4213 l.
221 4149 326 4210 tende
340 4150 478 4228 motsqui
496 4169 535 4209 ne
548 4149 678 4209 s'entend
691 4153 779 4229 qu’en
794 4149 936 4226 franceis,
957 4147 986 4207 le
1002 4160 1063 4208 mot
1083 4148 1197 4209 claren

130 4246 309 4327 designanti
320 4244 349 4304 la
362 4243 415 4304 fois
429 4264 469 4305 un
485 4245 626 4325 privilege
638 4258 668 4305 et
680 4264 738 4305 une
751 4244 862 4324 prison.
