2946 5070
207 469 266 525 29¹·
632 466 841 536 scomma,

207 598 302 669 ditor
326 613 411 670 tunc
426 599 690 671 confessionum
714 613 811 690 erat,
838 595 1033 695 plurimum
1064 614 1265 698 opportuna

207 725 312 808 atque
338 715 538 792 necessaria
561 712 758 785 videbatur.
779 717 871 787 Sane
885 739 969 786 cum
993 740 1061 813 pro
1077 740 1123 788 ea
1137 741 1177 786 rc
1192 717 1266 786 vioe

207 846 341 923 nostra,
354 847 494 930 captata
503 832 783 930 opportunitate,
797 832 1046 930 compellasset
1056 857 1191 929 regerm
1204 831 1265 903 be·

208 948 357 1042 niguum
374 949 456 1020 satis
476 961 582 1042 atque
600 948 801 1019 humanum
824 971 1037 1044 responsam
1059 949 1264 1046 reportavit.

207 1069 419 1165 Simpliciter
440 1069 538 1140 enim
558 1065 780 1139 concedebat
795 1090 856 1136 rex
881 1069 1093 1139 reversionis
1108 1068 1148 1139 in
1165 1071 1270 1138 Fran·

208 1184 301 1257 ciarn
318 1183 415 1257 etad
437 1183 574 1256 curiam
592 1207 694 1255 suam
711 1180 817 1254 nobis
839 1182 1063 1271 faorlmtem,
1086 1184 1270 1282 promitte·

208 1297 361 1394 batque,
385 1324 468 1370 cum
492 1298 539 1370 ad
564 1323 649 1370 cum
670 1299 898 1389 veniremus,
925 1323 1075 1386 omnem
1103 1300 1269 1397 paterio

209 1415 379 1512 temporis
396 1413 604 1486 condonare
629 1410 814 1510 injuriam,
838 1438 995 1510 nosque,
1018 1434 1086 1487 sua
1104 1414 1268 1510 indigna·

209 1531 306 1602 tione
321 1545 499 1602 summota
512 1544 547 1600 et
559 1529 715 1619 abolita,
737 1531 783 1604 ad
798 1531 946 1627 gratiam
971 1554 1076 1601 saram
1098 1531 1266 1628 recipere.

210 1647 364 1741 lujunxit
381 1646 526 1744 iusuper
542 1646 688 1746 prefato
704 1647 897 1731 consessori
918 1671 985 1718 suo
1007 1661 1186 1743 quatenus
1206 1647 1256 1718 bu

205 1761 365 1858 jusmodi
380 1786 482 1834 suam
499 1763 769 1860 responsionem
784 1762 830 1834 ad
849 1787 917 1834 nos
939 1759 1166 1833 confidenter
1187 1761 1268 1832 scri·

210 1877 310 1947 beret
335 1904 342 1945 :
365 1877 669 1973 quemadmodum
697 1892 732 1948 et
757 1879 831 1975 ipse
855 1876 969 1947 facere
998 1878 1149 1947 curavit.
1183 1880 1267 1947 Nam

211 1994 321 2064 trinas
333 1994 498 2090 epistolas
514 1995 619 2065 variis
632 1992 770 2071 vicibus
783 1991 829 2073 ad
847 2017 913 2069 uos
927 1992 1124 2062 transmisit
1141 1991 1187 2062 de
1204 1990 1268 2061 bac

213 2112 323 2204 gratia
347 2122 453 2206 atque
473 2109 583 2180 exsilii
607 2109 719 2179 nostri
744 2107 922 2178 solutione
948 2131 1009 2178 seu
1032 2105 1266 2193 relaxatione,

212 2249 301 2320 quas
319 2223 416 2320 apud
432 2249 498 2296 uos
512 2224 629 2297 adbuc
650 2248 843 2301 servamus.
1180 2240 1186 2247 ·

261 2339 401 2426 Quibus
412 2341 581 2437 susceptis
595 2356 629 2410 et
640 2365 704 2439 per
716 2364 775 2411 eas
791 2340 935 2436 cognito
949 2337 1110 2434 benigno
1126 2353 1163 2410 et
1176 2363 1269 2409 man·

212 2468 313 2526 sueto
334 2454 425 2549 regis
447 2478 637 2554 responso,
661 2455 768 2551 gavisi
793 2470 828 2526 et
851 2454 1035 2527 exhilarati
1061 2452 1166 2526 valde
1191 2454 1270 2525 inde

212 2571 352 2641 fuimus.
375 2573 456 2641 Erat
477 2570 571 2641 circa
592 2572 719 2642 festum
739 2569 995 2670 purificationis
1009 2569 1123 2641 beata
1139 2571 1269 2640 Manae¹

212 2683 610 2782 quandobujuscemodi
621 2684 1133 2784 gratasnobisetperjucundas
1141 2684 1269 2756 litteras

212 2804 423 2900 recepimus.
436 2807 478 2873 Et
486 2805 571 2898 quia·
580 2801 744 2873 nondum
751 2802 885 2873 calores
893 2801 1031 2873 molesti
1039 2801 1096 2872 vel
1102 2800 1150 2872 ad
1161 2801 1270 2871 seren·

212 2918 299 2988 dum
315 2917 475 2988 difficiles
491 2931 576 2988 tunc
590 2931 711 3008 erant,
730 2914 911 2987 studentes
930 2915 1144 3014 ampliorem
1160 2939 1270 3009 arege

212 3033 359 3129 gratiam
383 3034 578 3131 promereri
605 3032 714 3130 paulo
736 3032 867 3103 diutius
887 3032 957 3102 illic
975 3056 1041 3102 suo
1063 3032 1186 3103 adhuc
1206 3054 1273 3103 ser·

210 3148 297 3218 vitio
326 3149 534 3241 insistendo,
554 3147 621 3218 sibi
645 3148 849 3245 scripsimus
874 3147 1025 3243 qualiter
1052 3147 1176 3218 adhuc
1204 3147 1271 3217 illic

211 3288 323 3359 usque
353 3264 400 3334 ad
423 3266 626 3363 proximum
651 3264 785 3335 Pascha
810 3263 961 3335 libenter
986 3264 1022 3334 in
1044 3288 1112 3334 suo
1130 3263 1271 3334 servitio

211 3405 448 3469 moraremur,
473 3407 556 3452 cum
583 3395 665 3453 ante
691 3381 818 3452 festum
837 3379 1043 3476 hujusmodi
1071 3380 1157 3451 satis
1178 3395 1273 3478 puta·

211 3522 329 3567 remus
351 3522 417 3567 nos
434 3512 540 3599 posse'
553 3498 708 3595 perferre
732 3497 869 3568 calores
882 3495 1004 3596 patriae
1026 3494 1165 3590 absque
1186 3495 1273 3592 peri-

209 3610 309 3700 culo;
329 3627 414 3681 tunc
427 3627 546 3682 autem
565 3612 610 3682 ad
623 3636 723 3683 suam
737 3610 956 3707 majestatem
968 3608 1166 3682 accedendi
1175 3610 1271 3705 juxta

210 3728 359 3823 gratiam
387 3752 408 3798 a
434 3753 471 3798 se
490 3726 594 3799 nobis
611 3729 785 3799 indultam
806 3730 885 3819 iter,
909 3732 989 3803 Deo
1013 3727 1170 3816 favente,
1190 3726 1273 3797 arri·

209 3868 390 3940 peremus,
409 3867 477 3941 pro
500 3866 572 3939 qua
596 3843 756 3938 ingentes
774 3843 891 3913 eidem
909 3844 1038 3938 gratias
1062 3840 1268 3936 agebamus.

210 3963 261 4029 lta
277 3959 374 4029 enim
395 3984 474 4030 earu
491 3959 670 4056 appellare
693 3982 835 4030 necesse
853 3973 905 4029 est
926 3955 977 4030 eis
997 3959 1060 4054 qui
1076 3959 1204 4030 talium
1221 3982 1271 4027 re-

250 4193 279 4248 t.
302 4195 342 4246 la
356 4190 393 4246 fin
410 4190 447 4246 de
459 4190 572 4261 janvier
585 4210 623 4246 ou
637 4188 665 4248 le
678 4184 924 4267 commencooem
937 4189 974 4255 de
989 4189 1097 4259 sevrier
1111 4192 1203 4253 tant.
