2946 5070
444 522 555 581 1,le
580 508 768 581 SEPHMUS.

402 806 665 898 'cartruuuu
697 821 805 913 xvu.

204 1006 374 1112 Comparatio
385 1040 491 1091 monim
502 1035 585 1110 ipsius
595 1033 630 1090 nd
644 1048 744 1091 veteres
754 1035 868 1107 insigne·
876 1046 1013 1109 tyrannosv

128 1242 168 1312 in
182 1237 378 1339 plerisque,
394 1240 456 1337 qni
470 1240 657 1337 tyrannide
672 1238 796 1312 famosi
813 1236 927 1312 effecti
944 1253 1041 1330 sunt,
1057 1238 1139 1337 legi·

80 1384 160 1431 mus
174 1344 339 1456 nonnihil
352 1357 538 1429 inventum
557 1383 649 1452 esse,
669 1354 786 1454 quod,
806 1356 873 1429 nisi
887 1357 1059 1429 scelerum
1075 1355 1139 1429 im·

79 1474 248 1548 manitate
262 1470 468 1566 ioedassent,
483 1473 563 1572 jure
577 1472 713 1547 laudari
734 1474 919 1574 potuisset.

128 1594 169 1664 ln
204 1590 367 1680 Phalari,
408 1591 713 1689 Agrigentinorum
743 1605 916 1688 tyranno,
950 1591 1067 1690 cujus,
1087 1608 1139 1666 ut

79 1708 204 1781 Cicero
213 1708 274 1800 ait,
287 1720 412 1806 praeter
427 1722 489 1779 aut
504 1732 610 1806 supra
627 1722 771 1779 ceteros
786 1706 987 1799 crudelitas,
1001 1726 1037 1782 et
1053 1710 1141 1784 litte·

78 1845 199 1893 rarum
218 1820 379 1913 scientia,
396 1835 431 1891 et
447 1820 649 1918 eloquentia
666 1819 749 1891 satis
766 1820 914 1916 insignis
927 1822 1070 1913 enituit,
1089 1823 1139 1895 uti

78 1932 276 2008 luculenter
287 1934 481 2010 ostendunt
500 1937 637 2035 scriptae
652 1954 817 2037 pereum
833 1934 880 2008 ad
896 1934 1055 2011 diversos
1067 1940 1140 2037 epi·

78 2053 189 2126 stolae.
949 2047 953 2054 ’

128 2173 168 2239 ln
187 2169 270 2242 Caio
285 2168 396 2240 Mario
419 2165 623 2263 eloquentia
641 2188 715 2238 non
734 2188 844 2263 parva
865 2165 950 2260 luit,
970 2182 1010 2240 ut
1032 2168 1141 2268 ipsius

78 2284 175 2357 testis
187 2298 239 2356 est
253 2282 367 2354 oratio
385 2305 494 2379 quarn
507 2280 554 2354 ad
566 2278 742 2386 populum
757 2283 958 2354 Romanum
971 2277 1141 2358 efficacis·

78 2400 206 2472 simam
221 2396 387 2472 habuisse
414 2397 583 2494 legimus,
608 2397 733 2494 Crispo
764 2395 928 2470 Sallustio
952 2399 1136 2475 referente.

80 2519 156 2614 lpse
172 2538 317 2614 quoque
335 2515 486 2611 ingentis
502 2514 629 2602 animi,
645 2514 727 2585 licet
742 2513 870 2585 humili
889 2515 998 2615 stirpe
1014 2534 1137 2608 natus,

78 2630 163 2704 artis
178 2630 338 2704 militaris
353 2628 549 2702 admodum
565 2630 698 2727 peritus
714 2643 949 2728 strenuusque
964 2630 1037 2703 dur
1054 2631 1137 2725 tutu

79 2770 163 2819 nam
199 2746 274 2846 ipse
310 2733 492 2837 Cimbros,
532 2745 701 2816 Romanis
736 2743 876 2817 arcibus
912 2760 947 2816 et
988 2747 1140 2845 imperio

78 2862 275 2961 quidquam
292 2861 404 2934 bostis
421 2874 538 2959 potest
559 2861 782 2951 minitantes,
797 2860 873 2957 J'am
898 2860 1059 2934 saucibus
1076 2866 1141 2937 lta·

77 2979 155 3070 liae,
185 2976 366 3050 horrenda
388 2992 502 3072 strage
530 2976 678 3065 delevit;
706 2976 938 3072 decretussme
961 2976 998 3048 in
1025 2962 1140 3053 africa

79 3097 205 3169 consul
226 3111 350 3169 contra
374 3094 606 3191 iugurtham,
633 3080 868 3165 Numidarum
898 3117 1017 3189 regern
1044 3096 1140 3168 calli·
1238 3083 1241 3089 ’

79 3212 265 3287 dissimum
281 3225 387 3313 atque
399 3224 605 3312 potentem,
626 3208 727 3281 brevi
754 3210 923 3307 temporis
940 3234 1060 3303 mora,
1085 3213 1137 3286 la·

78 3328 228 3402 boribus
255 3342 361 3427 atque
383 3327 525 3401 solertia
555 3326 717 3398 maximis
748 3323 892 3424 captum
918 3351 1002 3398 eum
1030 3343 1136 3426 atque

77 3447 238 3517 vinctum
246 3445 399 3518 llomam
407 3443 514 3536 misit,
525 3440 730 3539 bellumque
740 3443 857 3540 ipsum
868 3442 1132 3538 iugurthinum,

78 3561 179 3663 quod
194 3577 276 3635 aute
300 3586 384 3634 eum
412 3559 475 3633 diu
493 3573 712 3661 protractum
733 3558 858 3650 luerat,
885 3583 1013 3655 magna
1030 3559 1138 3631 felici·

78 3695 150 3753 tate
165 3676 331 3752 coniecit.
350 3675 420 3749 Sed
434 3676 500 3749 has
514 3667 624 3777 ipsius
640 3673 785 3746 virtutes
800 3689 834 3746 et
852 3675 1008 3770 iugentia
1024 3672 1133 3770 iacta,

78 3820 143 3894 per
159 3792 317 3866 crudelia
339 3817 404 3891 per
429 3817 513 3863 eum
535 3804 659 3888 postea
683 3789 720 3860 in
738 3787 903 3861 concives
929 3803 1025 3882 aeta,
1052 3814 1136 3863 cum

78 3937 116 3984 se
133 3927 325 4009 tyrannum
337 3909 564 3981 saevissimum
581 3906 747 3980 adversus
762 3903 983 3978 nobilitatem
1000 3921 1035 3977 et
1050 3932 1137 3979 con·

79 4031 267 4102 trariarum
283 4029 438 4127 partium
451 4026 628 4098 studiosos
644 4023 874 4116 exhibuisset,
893 4023 969 4121 ipse
984 4023 1136 4101 nimium

79 4144 281 4218 obscuravit
294 4143 518 4238 ioedavitque.

129 4261 169 4329 ln
188 4257 297 4330 Lucio
312 4256 407 4352 Sylla
423 4255 489 4325 fuit
507 4267 544 4326 et
561 4252 757 4326 litterarum
781 4263 927 4323 ornatus
957 4272 1041 4322 carm
1064 4250 1137 4325 elo·
