2896 5070
290 473 348 529 ate
719 471 920 541 tronum,

289 605 506 694 retulimus¹,
528 605 657 677 iterum
674 629 695 676 e
710 606 827 704 patria
840 619 877 680 ct
898 599 1144 702 Rotliomago,
1165 605 1231 679 ubi
1253 607 1352 683 iuba·

289 719 466 814 bitabant,
484 720 523 792 in
538 721 699 799 exsilium
713 721 865 797 Parisius
887 721 1111 819 expulerunt.
1132 725 1259 820 quue
1277 749 1352 798 non

290 837 468 928 contenti,
493 837 584 910 duos
606 851 820 911 mercatores
841 836 887 909 de
905 837 1152 934 Rotbomago,
1171 839 1272 912 viros
1285 839 1353 915 bo-

290 968 431 1047 nestos,
455 943 496 1025 'in
518 977 698 1027 carcerem
725 968 761 1025 et
791 953 953 1046 vincula,
983 968 1157 1052 tanquam
1184 979 1267 1029 reos
1288 958 1355 1031 cri·

290 1069 417 1161 minis,
443 1068 696 1142 detruserunt:
721 1094 877 1168 quorum
901 1071 989 1143 alter
1014 1069 1212 1168 aliquando
1240 1087 1355 1148 certas

290 1187 459 1286 pecunias
472 1186 519 1259 ad
534 1211 602 1259 nos
617 1185 792 1260 detulerat
804 1186 850 1259 ad
864 1185 1044 1261 nundinas
1056 1188 1352 1287 antuerpienses,

289 1319 377 1380 tunc
404 1303 551 1400 quidem
579 1305 750 1403 temporis
779 1328 852 1402 quo
884 1305 977 1376 inter
1007 1323 1128 1401 regem
1157 1321 1196 1377 et
1223 1305 1353 1381 ducem

291 1420 501 1516 Burgundiae
513 1445 582 1519 pan
592 1420 733 1519 optima
743 1434 851 1519 atque
860 1421 1016 1494 amicitia
1031 1420 1079 1494 ab
1095 1421 1270 1495 omnibus
1280 1449 1354 1497 esse

289 1520 520 1636 putabantur,
539 1551 575 1609 et
587 1537 680 1609 inter
696 1537 881 1633 utriusque
899 1535 1071 1636 principis
1085 1552 1199 1611 terras
1212 1563 1355 1612 eorum·

290 1676 361 1749 que
384 1652 545 1726 subditos
566 1677 689 1727 secure
706 1667 742 1726 et
760 1652 872 1725 libere
895 1651 1151 1726 exercebantur
1176 1678 1355 1728 commen

290 1770 378 1860 cia¹3
406 1771 495 1843 alter
514 1794 601 1856 vero
628 1784 705 1843 erat
723 1770 835 1842 hares
861 1769 1050 1866 cujusdam
1073 1772 1220 1868 cognati
1243 1775 1354 1847 noant

290 1885 468 1977 defuncti,
501 1885 563 1983 qui
589 1885 784 1983 aliquando
816 1886 874 1959 uel
906 1885 1072 1984 epistolas
1101 1887 1159 1958 vel
1188 1912 1355 1970 nummos

291 2017 432 2075 nostros
447 2027 512 2101 per
527 2027 611 2074 suos
629 2001 799 2092 famulos,
820 2000 908 2074 dum
925 2002 1078 2094 viveret,
1098 2000 1207 2075 nobis
1222 2005 1355 2079 misisse

291 2118 488 2208 dicebatur.
511 2121 582 2208 Qui
605 2135 796 2218 postquam
821 2119 884 2192 diu
903 2119 1023 2192 inedia
1040 2134 1076 2193 et
1097 2121 1268 2217 squalore
1285 2147 1356 2194 car·

292 2237 382 2308 ceris
399 2235 520 2308 afflicti
538 2236 702 2326 luissent,
723 2259 798 2307 non
817 2235 916 2334 prius
936 2234 1021 2307 inde
1044 2237 1140 2308 exire
1161 2251 1354 2335 potuerunt

290 2376 401 2449 quam
414 2375 547 2455 magno
563 2354 640 2424 auri
654 2352 779 2450 pondo
797 2376 872 2424 sese
888 2351 1105 2423 redimerent
1120 2351 1168 2424 ad
1182 2353 1351 2456 valorem,

181 2565 184 2575 ‚
290 2481 330 2539 ut
348 2466 524 2559 serebant,
544 2467 832 2563 octingentorum
846 2481 1030 2539 scutorum
1042 2467 1121 2539 auri
1138 2482 1174 2539 et
1187 2470 1349 2578 amplius.

339 2584 410 2654 Sed
425 2599 460 2654 et
479 2608 545 2656 nac
558 2584 608 2655 sic
619 2582 817 2681 plenariam
832 2583 995 2655 intentati
1007 2583 1234 2656 calumniose
1244 2584 1283 2655 in
1295 2608 1353 2657 eos

291 2700 449 2773 criminis
470 2699 723 2789 abolitionem,
756 2699 819 2772 sed
845 2724 867 2773 a
887 2689 1061 2773 vcarcerali
1091 2699 1257 2774 custodia
1281 2717 1353 2774 tan-

291 2818 500 2906 tummodo,
519 2816 586 2890 sub
609 2815 741 2890 idonea
768 2817 958 2906 cautione,
987 2815 1245 2890 relaxationem
1264 2817 1353 2891 obti-

291 2960 376 3009 nere
403 2948 616 3035 potuerunt,
638 2932 705 3006 sub
730 2935 903 3006 continua
916 2947 1036 3025 ¹metus
1056 2947 1092 3006 et
1117 2935 1264 3032 pavonis
1283 2960 1354 3034 pus

292 3052 478 3124 nosissirna
492 3050 653 3150 profecto
676 3049 852 3122 ansietate
867 3049 1048 3147 degentes,
1068 3075 1114 3121 ne
1141 3051 1200 3121 vel
1216 3050 1264 3123 ad
1278 3075 1354 3149 sup

291 3169 398 3267 plicia
418 3166 614 3266 rapiantur,
634 3168 710 3261 vel,
728 3167 792 3240 ubi
809 3169 929 3240 mitius
951 3193 1035 3240 cum
1057 3168 1108 3239 eis
1125 3184 1303 3264 ageretur,
1319 3171 1352 3240 in

291 3272 413 3370 relicta
432 3286 483 3357 eis
509 3284 693 3357 bonorum
717 3309 864 3357 suorum
892 3285 1033 3358 residua
1051 3286 1222 3383 portione
1250 3287 1354 3359 mulo·

291 3414 411 3472 teritur
421 3402 443 3470 ⁸.
477 3406 566 3473 Nam
592 3401 641 3474 illi
673 3403 803 3498 egregii
831 3402 1093 3490 commissarii,
1116 3403 1180 3498 qui
1213 3402 1370 3477 eosdem.

292 3516 518 3608 detinebant,
535 3533 740 3590 constanter
755 3517 1041 3591 asserebanteos
1058 3543 1208 3617 posnam
1229 3519 1354 3592 conlis-

334 3748 362 3804 l.
387 3741 554 3813 Cidessus,
571 3762 600 3820 p.
618 3744 687 3803 312.

333 3845 364 3904 2.
386 3839 571 3899 C’est-i-dire
586 3852 673 3899 avant
687 3841 715 3900 le
731 3839 805 3901 mois
818 3839 855 3901 dc
872 3839 938 3914 juin
950 3842 1039 3905 ttto.
1055 3842 1131 3917 Voy,
1157 3840 1305 3916 t’ujnone
1319 3841 1353 3900 du

293 3936 382 4016 regne
396 3933 433 3993 de
446 3933 534 3994 inuis
547 3934 604 4010 XI,
624 3947 644 3994 t.
665 3939 709 4009 11,
725 3956 755 4015 p.
772 3937 842 3996 219.

334 4032 362 4088 3.
385 4029 409 4089 ΙΙ
423 4049 444 4107 y
456 4028 535 4087 avait
546 4043 715 4104 raperentur
727 4041 755 4090 ct
766 4026 967 4088 mulctarentur
978 4043 1035 4100 que
1045 4027 1174 4088 l'auteur
1188 4029 1354 4110 acorrigdt,

293 4146 405 4186 comme
431 4125 455 4184 si
477 4125 506 4183 la
530 4124 713 4203 persecution
735 4124 952 4185 duraitencorc
968 4123 1100 4202 lorsqu’il
1124 4123 1231 4183 &tivit
1248 4142 1281 4181 cc
1297 4140 1355 4200 pas·

293 4242 372 4304 sege.
388 4223 454 4283 Cela
465 4221 616 4283 neanmois
628 4220 721 4300 parait
734 4243 791 4301 peu
804 4221 954 4301 probabla.
970 4224 1044 4298 Voy„
1061 4220 1229 4292 ci-dessua,
1247 4241 1277 4300 p.
1291 4221 1353 4278 tut.
