2946 5070
195 446 255 503 286
624 443 831 514 nomeu,

196 576 447 675 responsione,
479 601 554 655 non
581 575 680 657 atiud
704 574 812 655 nobis
826 573 1041 655 afferebatur
1057 597 1174 672 quam
1198 601 1265 651 nos

197 693 301 788 regie
325 693 543 773 ordinationi
566 691 699 770 habere
722 718 865 775 neeesse
889 717 1035 792 parere,
1063 691 1170 788 eujus
1188 691 1265 790 pls·

200 809 312 883 citum
331 825 407 885 erat
429 824 469 882 ut
491 808 559 883 sibi
580 811 618 882 in
635 810 849 909 Perpiniano
869 811 1095 885 serviremus.
1125 812 1211 896 Quo
1227 808 1265 881 in

199 925 280 1002 loco
297 951 381 1005 curn
402 927 477 1026 ipse
496 926 709 1003 Parlamenti
727 927 864 1009 curiam
879 926 1019 1004 novun
1034 924 1263 1012 instituisset,

198 1065 265 1141 pro
289 1043 404 1117 causis
428 1043 663 1145 comitatuum
687 1043 894 1120 Rossilionis
913 1057 950 1116 et
973 1040 1161 1117 Ceritnmae
1187 1050 1266 1112 tan·

198 1183 308 1257 quam
337 1162 375 1236 in
404 1186 572 1259 supremo
593 1159 763 1237 tribunali
783 1159 835 1235 ihi
864 1158 1100 1251 diffiniendis,
1126 1173 1165 1230 et
1195 1157 1268 1230 illic

198 1299 291 1376 opus
321 1278 390 1352 sibi
414 1293 506 1357 esset
534 1276 786 1355 cancellarium
812 1275 945 1371 habere
969 1301 1036 1376 pro
1066 1275 1268 1351 directione

198 1391 301 1469 dicto
325 1394 431 1469 curiae
448 1409 485 1469 et
503 1393 705 1471 communis
723 1393 867 1490 jnrtitie
892 1393 1000 1473 totius
1022 1392 1170 1491 pstriae,
1200 1417 1269 1467 nos

198 1507 283 1601 illo,
301 1508 449 1605 hujusce
466 1507 576 1588 officii
593 1506 741 1606 gerendi
757 1508 891 1604 gratia,
908 1506 1125 1587 destinabat.

249 1631 360 1697 Porro
380 1625 463 1699 licet
480 1627 582 1698 color
600 1626 659 1699 ille
681 1624 750 1698 sub
769 1624 919 1696 honoris
933 1623 1139 1696 velamento
1162 1623 1269 1696 nobis

199 1743 348 1817 obtendi
366 1744 558 1836 videretur,
575 1757 786 1815 nontamen
803 1739 1057 1839 ignorabamus
1074 1739 1167 1812 fines
1178 1766 1269 1838 quos

198 1876 234 1932 et
250 1887 311 1933 rex
333 1861 556 1954 intendebat,
577 1875 615 1933 et
635 1859 802 1932 nonnulli
818 1858 880 1956 qui
895 1859 941 1951 ei,
965 1871 1004 1929 ut
1029 1860 1079 1930 ita
1098 1856 1146 1930 de
1163 1858 1270 1930 nobis

199 1978 406 2051 decerneret
435 1978 567 2074 telique
591 1975 862 2076 proscriptionis
885 1998 953 2045 nos
969 1974 1208 2046 incommodo
1235 1989 1270 2044 et

198 2093 375 2191 supplicio
402 2092 571 2184 afficeret,
596 2089 844 2187 suggerebant.
866 2089 946 2160 Jam
969 2089 1069 2160 enim
1093 2103 1180 2160 ante
1205 2113 1270 2159 nos

199 2210 327 2280 missos
347 2210 408 2281 illo
436 2209 540 2281 fuisse
568 2223 602 2279 et
632 2208 722 2279 alios
752 2228 981 2295 noveramus,
1000 2203 1135 2302 qtribus
1161 2229 1270 2302 quam

199 2340 319 2423 gratus
348 2326 443 2401 illius
473 2341 575 2402 terrae
602 2325 780 2403 incolatus
814 2321 1021 2414 exstitisset,
1047 2323 1132 2396 setis
1165 2320 1271 2395 nohis

199 2439 399 2514 oonstnhst.

249 2557 368 2654 Atqui,
379 2582 464 2631 cum
473 2571 599 2634 contra
611 2557 761 2631 nitendo
774 2557 863 2631 nibil
880 2583 947 2630 nos
960 2554 1138 2657 proficere
1150 2581 1266 2655 posse,

198 2672 262 2749 sed
280 2675 399 2772 potins
416 2675 606 2752 adversum
624 2700 691 2749 nos
707 2677 800 2774 regis
818 2677 981 2751 animum
1008 2674 1167 2772 amplius
1193 2698 1270 2747 exe·

198 2789 346 2865 oerbare
363 2792 648 2891 pauperemur,
668 2791 716 2864 nd
733 2788 935 2889 parendum
952 2791 1057 2886 regin
1071 2788 1266 2879 voluntati,

199 2903 282 2979 linet
300 2909 449 2981 minime
464 2907 628 2999 libentes,
643 2906 985 2999 condescendimus,
1005 2907 1270 3003 aoquiesoentes

201 3047 268 3096 nos
284 3023 346 3096 illo
362 3027 414 3097 ire
429 3040 466 3098 et
481 3023 549 3097 sibi
567 3022 719 3097 fideliter
731 3048 800 3121 pro
811 3024 990 3096 muressis
1005 3048 1028 3095 a
1043 3023 1209 3093 Domino
1224 3022 1270 3092 vi·

200 3134 300 3208 ribus
315 3140 466 3228 servire,
495 3137 607 3211 modo
630 3137 676 3211 de
691 3137 837 3213 duobus
861 3137 967 3211 nobis
991 3162 1057 3210 sua
1080 3137 1270 3209 clementia

200 3253 349 3345 granam
366 3254 537 3353 impertiri
555 3253 774 3348 dignamuu.
796 3255 979 3342 Primum,
1000 3268 1043 3324 ut
1059 3253 1270 3350 priusqtnm

201 3366 285 3441 illue
301 3367 620 3465 proficisceremur,
635 3368 683 3443 ed
702 3369 930 3448 revisendam
945 3367 1136 3443 eeclesiam
1151 3383 1191 3440 et
1209 3367 1271 3440 do·

200 3514 302 3563 mum
336 3506 496 3565 nostram
530 3494 686 3590 spatium
717 3492 774 3565 vel
800 3491 942 3566 dkmm
966 3506 1052 3564 octo
1080 3489 1191 3563 nobis
1218 3492 1271 3561 in·

200 3605 417 3704 dtdgereuu,
442 3625 502 3701 ut,
526 3611 701 3705 quonism
718 3609 766 3682 sb
786 3633 886 3682 enno
907 3611 997 3682 eitra
1012 3634 1088 3707 quo
1105 3608 1271 3681 ebsemes

200 3744 223 3794 ι
239 3725 353 3819 petris
371 3724 562 3815 ineramus,
580 3742 615 3798 et
631 3725 729 3801 boue
751 3741 874 3799 noem
892 3726 1032 3824 direpta
1046 3740 1084 3796 et
1099 3725 1272 3797 officiales

200 3842 311 3913 nostri
323 3841 480 3913 destituti
498 3842 649 3933 suerent,
668 3867 724 3914 res
737 3857 878 3917 neuras
891 3843 1027 3915 leoeras
1037 3856 1073 3914 et
1083 3840 1272 3914 dismetas

200 3971 396 4055 utcumque
410 3959 578 4030 resarcire
592 3958 728 4050 liceret,
746 3974 934 4032 etemotos
947 3957 1142 4030 officiarios
1148 3959 1272 4033 &nuo

200 4072 397 4166 instituere,
424 4075 632 4173 primqusm
653 4089 729 4148 tem
756 4075 993 4173 longinqmm
1013 4076 1273 4173 peregrinatio·

200 4215 285 4267 nun
306 4192 556 4290 eropum.
576 4189 648 4267 Sed
668 4189 746 4263 tun
768 4190 976 4269 teu-suns
995 4215 1146 4289 pum
1163 4189 1272 4267 nobb
