2946 5070
484 470 595 527 usus
618 469 770 529 Pttrttus.
1096 472 1153 530 305

91 599 139 672 ad
152 599 319 673 eamdem
329 601 466 674 curiam
478 601 670 693 advolavit,
688 617 795 698 atque
808 601 906 701 apud
918 626 1039 698 regern
1051 603 1152 675 facile

92 712 248 802 obtinuit
266 730 317 808 ut,
335 715 479 789 licentia
491 714 696 812 hujusmodi
713 731 891 807 revocata,
911 718 1057 790 nuntius
1069 742 1154 789 cum

91 832 249 932 epistolis
274 848 310 903 et
335 833 531 926 mandatis,
566 833 612 905 de
641 831 773 931 quibus
803 859 911 934 supra
930 834 1005 930 jam
1029 836 1155 934 saepius

93 973 211 1022 sermo
237 973 259 1021 a
284 947 389 1022 nobis
418 949 562 1033 habitus
586 964 657 1038 est,
689 948 938 1033 destinaretur.
978 1012 982 1020 .

143 1065 323 1152 Quoniam
346 1066 453 1162 igitur
466 1080 565 1138 certo
582 1064 781 1138 sciebamus
801 1067 919 1163 quod,
939 1048 974 1140 εἷ
993 1094 1077 1141 curn
1092 1068 1158 1142 hu·

90 1180 249 1278 jusmodi
277 1181 454 1254 mandatis
473 1182 541 1255 sub
562 1182 698 1254 ditione
721 1182 817 1279 regia
845 1208 913 1257 nos
937 1187 1083 1258 nuntius
1099 1186 1157 1258 ille

94 1297 407 1396 apprehendisset,
434 1300 559 1371 mortis
590 1296 788 1397 periculum
815 1301 915 1397 quod
942 1300 999 1373 ille
1027 1301 1159 1399 impius

94 1413 232 1487 satelles
243 1439 327 1486 curn
343 1417 415 1489 suis
428 1415 534 1511 nobis
549 1414 747 1488 intentabat
756 1416 996 1511 consortibus,
1012 1418 1158 1490 nullate·

95 1554 166 1605 nus
177 1531 288 1605 vitare
298 1547 359 1603 aut
372 1532 526 1628 effugere
538 1533 883 1633 potuissemus,cum
891 1534 1089 1607 remedium
1106 1561 1161 1607 sn·

95 1670 234 1746 peresse
247 1647 344 1719 aliud
358 1648 554 1747 temporale
568 1648 716 1751 minime
726 1649 1022 1747 prospiceremus,
1034 1665 1082 1740 et,
1094 1652 1161 1723 iter

14 1798 18 1803 ·
96 1777 259 1835 nostrum
280 1781 403 1837 versus
422 1766 639 1861 Lugdunum
658 1764 825 1837 facientes
837 1821 847 1858 ,
861 1767 1161 1841 ‘intellexissemus

96 1904 119 1954 a
139 1881 279 1973 multis,
296 1882 359 1978 qui
376 1879 423 1952 de
440 1881 540 1954 curia
556 1882 652 1977 regia
671 1882 925 1980 l‘erpinianum
942 1882 1158 1973 tendebant,

95 1999 246 2095 qualiter
269 1999 348 2094 jam
371 1999 517 2071 nuntius
542 1998 601 2070 ille
625 2024 730 2070 suum
747 1998 794 2070 ad
811 2023 878 2070 nos
901 2000 967 2071 iter
984 1998 1163 2072 conficere

97 2113 265 2209 deberet,
284 2141 327 2188 ex
349 2116 508 2188 Valentia
529 2116 674 2188 civitate·
695 2117 762 2187 iter
778 2115 1008 2208 defleximus,
1038 2133 1073 2188 et
1096 2143 1164 2216 per

97 2230 505 2303 Sanctum-Anthonium
517 2237 539 2321 ¹,
570 2229 868 2305 Chamberiacum
901 2246 935 2304 et
960 2227 1161 2322 Genevam,

98 2347 328 2447 Allobrogum
344 2374 407 2421 seu
419 2348 681 2423 Sabaudiorum
696 2364 819 2442 terras,
835 2354 911 2422 Deo
929 2374 1066 2446 gressus
1078 2375 1162 2422 nos·

99 2482 174 2540 tros
188 2466 375 2563 dirigente,
394 2467 632 2566 pervenimus.
653 2471 735 2555 Quo
761 2491 843 2539 cum
862 2468 1162 2564 pervenissemus,

99 2583 338 2681 omnipotenti
351 2586 446 2672 Deo,
466 2582 617 2655 creatori
633 2595 777 2673 nostro,
791 2580 907 2653 laudis
920 2595 956 2652 et
972 2583 1165 2678 gratiarum
1176 2632 1193 2642 ·‹

99 2699 250 2771 actionis
283 2696 413 2769 devota
449 2711 569 2781 mente
610 2696 846 2795 persolvimus
882 2695 1163 2788 confessionem,

99 2814 200 2914 quod
211 2838 275 2889 sua
288 2835 417 2908 magna
430 2812 638 2907 dignatione
648 2825 684 2883 et
695 2811 1023 2887 misericordissima
1035 2812 1166 2911 pietate

100 2932 308 3032 respexisset
325 2927 560 3013 humilitatem
581 2943 617 3000 et
642 2928 807 3001 salvasset
830 2927 876 3000 de
897 2928 1166 3003 necessitatibus

99 3066 135 3124 et
153 3050 322 3147 angustiis
340 3048 499 3121 animam
515 3060 693 3135 nostram,
713 3070 780 3117 nec
793 3045 1023 3118 conclusisset
1042 3070 1109 3119 nos
1127 3048 1164 3119 in

101 3189 229 3239 manus
251 3164 406 3253 inimici,
436 3161 499 3233 sed
519 3160 695 3235 statuisset
718 3161 756 3232 in
781 3160 863 3232 loco
884 3154 1041 3257 spatioso
1056 3161 1177 3260 pedes

102 3295 264 3374 nostros,
296 3295 465 3353 canentes
489 3303 573 3350 cum
599 3277 697 3375 regio
722 3276 964 3374 hymnografo·
985 3309 992 3349 :
1015 3307 1034 3346 r
1056 3282 1164 3350 Bene·

100 3399 217 3471 dictus
233 3398 432 3489 Dominus,
457 3395 631 3492 quoniam
660 3392 859 3465 mirificavit
882 3393 1164 3466 misericordiam

101 3538 204 3588 suam
218 3515 307 3586 mibi
326 3515 364 3585 in
382 3514 523 3586 civitate
545 3511 697 3584 munita.
721 3511 957 3599 ulam'enim
988 3510 1103 3582 ruinas
1130 3523 1167 3583 ct

102 3630 262 3704 fremitus
272 3629 389 3704 leonis
402 3654 476 3701 non
491 3627 717 3717 timebamus,
737 3651 821 3698 curn
838 3638 938 3698 terrae
951 3626 1018 3698 illae
1033 3627 1071 3698 in
1091 3627 1166 3720 qui·

101 3746 170 3821 bus
185 3774 252 3821 nos
272 3758 538 3844 receperamus,
556 3767 628 3816 suae
642 3757 718 3815 non
732 3756 848 3815 essent
863 3741 1023 3814 ditionis.

30 3993 33 3997 ’
143 3979 173 4035 1.
190 3971 415 4043 ·saint·Antoine
428 3990 464 4030 en
478 3967 642 4047 Dauphine.
