2946 5070
592 548 704 607 nram
726 547 874 607 rmuus.
1207 516 1272 607 arr

254 683 368 752 Porro
385 705 467 752 cunr
480 680 609 752 talibus
621 682 657 752 in
679 679 884 752 diffidentiis
906 695 978 752 tam
1000 705 1066 752 nos
1082 704 1191 778 quam
1207 682 1266 753 alii

203 796 382 889 nonnulli,
406 797 468 892 qui
489 796 796 893 quemadmodum
816 810 852 867 et
867 821 935 867 nos
951 820 1061 894 regno
1081 821 1119 869 se
1139 795 1274 869 absen-

202 926 340 1000 tarant,
361 911 615 1004 detineremur,
634 916 922 1013 prospiceretqne
939 938 1000 985 rex
1012 913 1131 1011 plnres
1146 914 1266 988 adhuc

201 1053 384 1127 superesse
407 1028 571 1103 absentes
586 1032 661 1129 qui,
687 1055 760 1103 non
783 1031 866 1102 satis
883 1029 967 1102 fidei
990 1029 1170 1129 prioribus
1193 1032 1267 1104 suis

200 1145 458 1220 abolitionibus
473 1147 658 1243 habentes,
677 1148 820 1221 rediisse
836 1146 903 1220 sub
919 1147 995 1244 ejus
1010 1147 1183 1220 ditionem
1202 1148 1264 1220 de·

201 1277 429 1359 tractassent,
464 1291 538 1337 non
570 1280 644 1337 tarn
676 1265 755 1338 illos
787 1264 995 1363 acquirendi
1027 1264 1115 1357 sibi,
1154 1289 1262 1362 quam

201 1404 268 1451 suo
299 1405 470 1477 germano
488 1381 546 1453 vel
568 1381 647 1454 aliis
670 1380 738 1455 sibi
764 1380 941 1454 soederatis
959 1379 1182 1479 principibus
1203 1406 1265 1454 au·

201 1493 338 1569 serendi
359 1498 469 1594 gratia
491 1512 598 1595 atque
621 1497 840 1591 intentione,
867 1522 913 1569 ne
931 1522 1022 1595 quos
1039 1496 1106 1568 sibi
1124 1497 1264 1572 favores

201 1628 262 1685 aut
287 1614 435 1686 consilia
455 1614 627 1713 impertiri
649 1629 816 1712 possent,
841 1611 1037 1685 secundam
1063 1615 1263 1710 generalem

201 1731 412 1803 amnestiam
430 1756 493 1803 sen
516 1729 750 1803 abolitionem
772 1731 810 1801 in
835 1730 910 1801 vim
933 1729 1058 1824 regalis
1074 1728 1181 1801 edicti
1198 1731 1265 1803 de·

200 1846 328 1940 crevit,
345 1870 423 1943 quae
437 1847 652 1919 anteriorem
671 1845 817 1942 quidem
833 1843 1071 1937 confirmabat
1085 1860 1193 1943 atque
1210 1847 1265 1917 in·

201 1961 378 2054 novabat3
402 1979 438 2035 et
457 1962 690 2035 nihilominus
709 1986 790 2034 eam
808 1962 1003 2060 amplians,
1029 1961 1152 2033 omnia
1169 1985 1264 2094 quae·

201 2103 356 2210 cumque
380 2079 491 2151 verbo
522 2079 578 2151 vel
605 2079 699 2150 sacto
722 2102 951 2176 quocumque
982 2079 1093 2151 modo
1121 2078 1260 2176 quivis,

200 2195 458 2294 cujuscumque
481 2210 603 2290 status,
624 2177 754 2294 gradus
772 2196 828 2268 vel
850 2195 987 2268 ordinis
1002 2210 1106 2284 esset,
1124 2196 1161 2266 in
1180 2220 1264 2267 eum

199 2314 386 2387 admittere
404 2316 576 2414 potuisset
590 2340 703 2413 nsque
724 2313 769 2386 ad
788 2312 910 2386 datam
931 2312 1114 2411 ejusdem,
1132 2313 1264 2412 plenis·

198 2430 288 2501 sime
310 2429 559 2524 condonabat,
584 2432 771 2503 restituens
784 2454 1078 2528 unumquemque
1093 2428 1140 2501 ad
1156 2430 1265 2527 patri·

199 2547 337 2636 monia,
351 2545 537 2640 beneficia,
556 2547 756 2643 dignitates,
768 2548 850 2644 jura
863 2560 897 2617 et
905 2547 1145 2645 possessiones
1159 2571 1264 2645 quas·

199 2687 354 2759 cumque
364 2678 437 2736 tam
446 2662 805 2758 immobiliumquam
819 2661 1008 2733 mobilium
1021 2662 1264 2733 exsistentium

199 2776 236 2847 in
253 2802 372 2849 rernm
390 2792 533 2865 natura;
554 2776 754 2876 [adjiciens]
777 2776 877 2874 quod
896 2777 1107 2849 eorumdem
1126 2800 1265 2874 posses-

199 2892 339 2963 siouem
361 2918 509 2965 suorum
530 2892 732 2984 bonorum,
758 2916 833 2963 non
860 2891 1086 2964 obstantibus
1105 2891 1267 2963 donatio-

200 3005 308 3078 nibus
320 3007 364 3079 de
373 3009 424 3079 eis
434 3008 510 3080 aliis
525 3009 687 3107 personis
702 3007 814 3097 lactis,
826 3008 989 3099 decretis,
1003 3008 1185 3079 sententiis
1203 3032 1265 3078 seu

199 3125 340 3195 arrestis
359 3138 487 3196 contra
513 3150 549 3195 se
573 3122 736 3209 absentes
754 3123 854 3195 factis
872 3138 906 3194 et
924 3123 1044 3217 dictis,
1062 3121 1209 3195 cuilibet
1224 3124 1265 3197 li·

199 3240 310 3311 citum
322 3241 412 3312 soret
424 3240 571 3339 propria
582 3241 790 3329 auctoritate
802 3238 939 3335 ingredi
949 3254 984 3311 et
998 3238 1266 3337 apprehendere

199 3355 335 3454 absque
352 3359 469 3454 aliqua
496 3343 641 3456 prorsus
664 3355 828 3454 judicum
853 3372 915 3428 aut
938 3370 1185 3431 exsecutorum
1213 3380 1266 3427 re·

199 3475 391 3571 quisitione
407 3500 468 3556 seu
483 3474 571 3570 juris
591 3458 801 3564 ministeri0,
823 3473 1027 3568 eisdemque
1051 3474 1122 3544 suis
1139 3473 1264 3570 potiri,

200 3589 390 3662 residendo
406 3589 624 3688 ubicumque
638 3589 777 3680 liberet,
797 3591 870 3662 sive
887 3590 923 3660 in
939 3612 1065 3684 regno,
1081 3589 1154 3659 sive
1171 3603 1268 3662 extra

200 3732 365 3803 regnum.
390 3711 668 3803 Verumtamen,
687 3708 809 3807 quoad
833 3731 901 3779 nos
921 3706 1094 3778 attinebat
1121 3704 1162 3778 et'
1179 3707 1269 3778 alios

201 3838 343 3895 nostros
360 3825 514 3922 collegas
537 3826 660 3918 inea,
686 3850 796 3923 quarn
820 3848 927 3922 supra
950 3824 1157 3917 retulimus,
1178 3823 1271 3918 lega-

199 3939 319 4029 tione,
353 3941 586 4014 continebant
615 3942 717 4037 regiae
742 3940 991 4038 hujuscemodi
1021 3940 1144 4012 litterae
1169 3939 1268 4035 quod

198 4078 324 4128 earum
341 4056 487 4155 quidem
504 4056 747 4155 indulgentia,
766 4071 806 4128 ut
823 4058 951 4151 coeteri,
972 4057 1191 4155 potiremur,
1206 4078 1270 4125 ve·

201 4195 283 4242 rum
307 4172 451 4244 volebat
466 4198 526 4244 rex
545 4174 596 4244 uti
620 4173 750 4247 nostris
766 4173 942 4246 servitiis:
964 4170 1065 4268 cujus
1087 4169 1139 4240 rei
1161 4169 1272 4265 gratia

200 4289 411 4386 injungebat
429 4306 469 4362 ut
488 4292 536 4364 ad
550 4292 840 4390 suipraesentiam
858 4287 1028 4387 accedere
1041 4284 1266 4360 deberemus.
