<?xml version="1.0" encoding="UTF-8"?>
<!DOCTYPE html PUBLIC "-//W3C//DTD XHTML 1.0 Transitional//EN"
    "http://www.w3.org/TR/xhtml1/DTD/xhtml1-transitional.dtd">
<html xmlns="http://www.w3.org/1999/xhtml" xml:lang="en" lang="en">
 <head>
  <title>
</title>
<meta http-equiv="Content-Type" content="text/html;charset=utf-8" />
  <meta name='ocr-system' content='tesseract 3.04.00' />
  <meta name='ocr-capabilities' content='ocr_page ocr_carea ocr_par ocr_line ocrx_word'/>
</head>
<body>
  <div class='ocr_page' id='page_1' title='image "./histoiredesrgne00amelgoog_0340.png"; bbox 0 0 2946 5070; ppageno 0'>
   <div class='ocr_carea' id='block_1_1' title="bbox 596 472 1269 535">
    <p class='ocr_par' dir='ltr' id='par_1_1' title="bbox 596 472 1269 535">
     <span class='ocr_line' id='line_1_1' title="bbox 596 472 1269 535; baseline 0.01 -8"><span class='ocrx_word' id='word_1_1' title='bbox 596 472 707 528; x_wconf 81' lang='lat' dir='ltr'>LIBER</span> <span class='ocrx_word' id='word_1_2' title='bbox 726 472 875 530; x_wconf 80' lang='lat' dir='ltr'><strong>PRIMUS.</strong></span> <span class='ocrx_word' id='word_1_3' title='bbox 1210 477 1269 535; x_wconf 72' lang='lat'><strong>285</strong></span> 
     </span>
    </p>
   </div>
   <div class='ocr_carea' id='block_1_2' title="bbox 116 600 1271 1634">
    <p class='ocr_par' dir='ltr' id='par_1_2' title="bbox 116 600 1271 1634">
     <span class='ocr_line' id='line_1_2' title="bbox 207 600 1269 706; baseline 0.008 -34"><span class='ocrx_word' id='word_1_4' title='bbox 207 614 285 672; x_wconf 75' lang='lat' dir='ltr'><strong>tata</strong></span> <span class='ocrx_word' id='word_1_5' title='bbox 298 615 334 672; x_wconf 90' lang='lat' dir='ltr'><strong>et</strong></span> <span class='ocrx_word' id='word_1_6' title='bbox 344 600 530 700; x_wconf 84' lang='lat' dir='ltr'><strong>publicatae</strong></span> <span class='ocrx_word' id='word_1_7' title='bbox 542 601 721 695; x_wconf 87' lang='lat' dir='ltr'><strong>videntur,</strong></span> <span class='ocrx_word' id='word_1_8' title='bbox 733 629 817 676; x_wconf 90' lang='lat' dir='ltr'><strong>cum</strong></span> <span class='ocrx_word' id='word_1_9' title='bbox 830 605 882 678; x_wconf 91' lang='lat' dir='ltr'><strong>eis</strong></span> <span class='ocrx_word' id='word_1_10' title='bbox 894 629 968 677; x_wconf 94' lang='lat' dir='ltr'><strong>non</strong></span> <span class='ocrx_word' id='word_1_11' title='bbox 984 605 1053 679; x_wconf 82' lang='lat' dir='ltr'><strong>alia</strong></span> <span class='ocrx_word' id='word_1_12' title='bbox 1061 604 1149 679; x_wconf 88' lang='lat' dir='ltr'><strong>fides</strong></span> <span class='ocrx_word' id='word_1_13' title='bbox 1160 630 1269 706; x_wconf 87' lang='lat' dir='ltr'><strong>quam</strong></span> 
     </span>
     <span class='ocr_line' id='line_1_3' title="bbox 205 716 1270 823; baseline 0.008 -33"><span class='ocrx_word' id='word_1_14' title='bbox 205 716 433 816; x_wconf 78' lang='lat' dir='ltr'><strong>praediximus</strong></span> <span class='ocrx_word' id='word_1_15' title='bbox 447 734 657 815; x_wconf 85' lang='lat' dir='ltr'><strong>servaretur,</strong></span> <span class='ocrx_word' id='word_1_16' title='bbox 674 746 783 819; x_wconf 90' lang='lat' dir='ltr'><strong>quam</strong></span> <span class='ocrx_word' id='word_1_17' title='bbox 800 736 840 793; x_wconf 93' lang='lat' dir='ltr'><strong>ut</strong></span> <span class='ocrx_word' id='word_1_18' title='bbox 856 737 972 795; x_wconf 83' lang='lat' dir='ltr'><strong>essent</strong></span> <span class='ocrx_word' id='word_1_19' title='bbox 986 723 1083 796; x_wconf 85' lang='lat' dir='ltr'><strong>velut</strong></span> <span class='ocrx_word' id='word_1_20' title='bbox 1099 724 1270 823; x_wconf 80' lang='lat' dir='ltr'><strong>decipulae</strong></span> 
     </span>
     <span class='ocr_line' id='line_1_4' title="bbox 204 835 1271 939; baseline 0.005 -31"><span class='ocrx_word' id='word_1_21' title='bbox 204 835 368 931; x_wconf 77' lang='lat' dir='ltr'><strong>quadam</strong></span> <span class='ocrx_word' id='word_1_22' title='bbox 383 849 444 908; x_wconf 92' lang='lat' dir='ltr'><strong>aut</strong></span> <span class='ocrx_word' id='word_1_23' title='bbox 459 835 593 934; x_wconf 84' lang='lat' dir='ltr'><strong>pedicae</strong></span> <span class='ocrx_word' id='word_1_24' title='bbox 609 837 655 910; x_wconf 83' lang='lat' dir='ltr'><strong>ad</strong></span> <span class='ocrx_word' id='word_1_25' title='bbox 669 863 730 911; x_wconf 91' lang='lat' dir='ltr'><strong>eos</strong></span> <span class='ocrx_word' id='word_1_26' title='bbox 745 839 1271 939; x_wconf 83' lang='lat' dir='ltr'><strong>circumveniendosetcapien-</strong></span> 
     </span>
     <span class='ocr_line' id='line_1_5' title="bbox 203 951 1270 1055; baseline 0.007 -32"><span class='ocrx_word' id='word_1_27' title='bbox 203 951 289 1043; x_wconf 93' lang='lat' dir='ltr'><strong>dos,</strong></span> <span class='ocrx_word' id='word_1_28' title='bbox 309 952 372 1049; x_wconf 94' lang='lat' dir='ltr'><strong>qui</strong></span> <span class='ocrx_word' id='word_1_29' title='bbox 388 952 507 1024; x_wconf 87' lang='lat' dir='ltr'><strong>minu&#39;s</strong></span> <span class='ocrx_word' id='word_1_30' title='bbox 518 966 620 1025; x_wconf 90' lang='lat' dir='ltr'><strong>caute</strong></span> <span class='ocrx_word' id='word_1_31' title='bbox 636 967 672 1026; x_wconf 90' lang='lat' dir='ltr'><strong>et</strong></span> <span class='ocrx_word' id='word_1_32' title='bbox 684 953 846 1026; x_wconf 88' lang='lat' dir='ltr'><strong>consulte</strong></span> <span class='ocrx_word' id='word_1_33' title='bbox 855 955 892 1025; x_wconf 93' lang='lat' dir='ltr'><strong>in</strong></span> <span class='ocrx_word' id='word_1_34' title='bbox 909 954 1053 1028; x_wconf 89' lang='lat' dir='ltr'><strong>easdem</strong></span> <span class='ocrx_word' id='word_1_35' title='bbox 1065 954 1175 1055; x_wconf 88' lang='lat' dir='ltr'><strong>pedes</strong></span> <span class='ocrx_word' id='word_1_36' title='bbox 1184 982 1270 1030; x_wconf 87' lang='lat' dir='ltr'><strong>suos</strong></span> 
     </span>
     <span class='ocr_line' id='line_1_6' title="bbox 204 1067 1271 1173; baseline 0.008 -33"><span class='ocrx_word' id='word_1_37' title='bbox 204 1068 405 1166; x_wconf 88' lang='lat' dir='ltr'><strong>injicerent,</strong></span> <span class='ocrx_word' id='word_1_38' title='bbox 432 1067 738 1166; x_wconf 80' lang='lat' dir='ltr'><strong>quemadmodum</strong></span> <span class='ocrx_word' id='word_1_39' title='bbox 763 1073 1007 1170; x_wconf 85' lang='lat' dir='ltr'><strong>experimento</strong></span> <span class='ocrx_word' id='word_1_40' title='bbox 1024 1073 1091 1173; x_wconf 94' lang='lat' dir='ltr'><strong>ipsi</strong></span> <span class='ocrx_word' id='word_1_41' title='bbox 1105 1072 1271 1172; x_wconf 87' lang='lat' dir='ltr'><strong>probavi·</strong></span> 
     </span>
     <span class='ocr_line' id='line_1_7' title="bbox 204 1184 1270 1280; baseline 0.007 -25"><span class='ocrx_word' id='word_1_42' title='bbox 204 1210 304 1277; x_wconf 90' lang='lat' dir='ltr'><strong>mus,</strong></span> <span class='ocrx_word' id='word_1_43' title='bbox 323 1185 386 1280; x_wconf 90' lang='lat' dir='ltr'><strong>qui</strong></span> <span class='ocrx_word' id='word_1_44' title='bbox 401 1185 553 1258; x_wconf 91' lang='lat' dir='ltr'><strong>aliorum</strong></span> <span class='ocrx_word' id='word_1_45' title='bbox 570 1184 716 1258; x_wconf 88' lang='lat' dir='ltr'><strong>adducti</strong></span> <span class='ocrx_word' id='word_1_46' title='bbox 732 1187 789 1258; x_wconf 84' lang='lat' dir='ltr'><strong>vel</strong></span> <span class='ocrx_word' id='word_1_47' title='bbox 805 1189 906 1260; x_wconf 86' lang='lat' dir='ltr'><strong>vanis</strong></span> <span class='ocrx_word' id='word_1_48' title='bbox 923 1189 980 1260; x_wconf 82' lang='lat' dir='ltr'><strong>vel</strong></span> <span class='ocrx_word' id='word_1_49' title='bbox 1002 1189 1137 1261; x_wconf 89' lang='lat' dir='ltr'>dolosis</span> <span class='ocrx_word' id='word_1_50' title='bbox 1159 1214 1270 1264; x_wconf 89' lang='lat' dir='ltr'><strong>asser·</strong></span> 
     </span>
     <span class='ocr_line' id='line_1_8' title="bbox 116 1298 1264 1394; baseline 0.005 -24"><span class='ocrx_word' id='word_1_51' title='bbox 116 1360 122 1370; x_wconf 93' lang='lat'><em>.</em></span> <span class='ocrx_word' id='word_1_52' title='bbox 203 1298 375 1394; x_wconf 89' lang='lat' dir='ltr'><strong>tionibus,</strong></span> <span class='ocrx_word' id='word_1_53' title='bbox 385 1313 516 1372; x_wconf 89' lang='lat' dir='ltr'><strong>temere</strong></span> <span class='ocrx_word' id='word_1_54' title='bbox 525 1326 592 1373; x_wconf 93' lang='lat' dir='ltr'><strong>nos</strong></span> <span class='ocrx_word' id='word_1_55' title='bbox 602 1301 736 1372; x_wconf 90' lang='lat' dir='ltr'><strong>eisdem</strong></span> <span class='ocrx_word' id='word_1_56' title='bbox 748 1301 964 1375; x_wconf 83' lang='lat' dir='ltr'><strong>duxeramus</strong></span> <span class='ocrx_word' id='word_1_57' title='bbox 974 1304 1264 1379; x_wconf 86' lang='lat' dir='ltr'><strong>committendos.</strong></span> 
     </span>
     <span class='ocr_line' id='line_1_9' title="bbox 203 1414 1269 1516; baseline 0.009 -31"><span class='ocrx_word' id='word_1_58' title='bbox 203 1414 311 1501; x_wconf 86' lang='lat' dir='ltr'><strong>Quod</strong></span> <span class='ocrx_word' id='word_1_59' title='bbox 328 1429 365 1489; x_wconf 94' lang='lat' dir='ltr'><strong>et</strong></span> <span class='ocrx_word' id='word_1_60' title='bbox 376 1415 465 1488; x_wconf 90' lang='lat' dir='ltr'><strong>alios</strong></span> <span class='ocrx_word' id='word_1_61' title='bbox 475 1416 608 1490; x_wconf 90' lang='lat' dir='ltr'><strong>multos</strong></span> <span class='ocrx_word' id='word_1_62' title='bbox 622 1418 725 1509; x_wconf 86' lang='lat' dir='ltr'><strong>tristi,</strong></span> <span class='ocrx_word' id='word_1_63' title='bbox 743 1417 976 1516; x_wconf 89' lang='lat' dir='ltr'><strong>prohdolor!</strong></span> <span class='ocrx_word' id='word_1_64' title='bbox 998 1434 1034 1492; x_wconf 91' lang='lat' dir='ltr'><strong>et</strong></span> <span class='ocrx_word' id='word_1_65' title='bbox 1049 1420 1269 1495; x_wconf 74' lang='lat' dir='ltr'><strong>lamentabili</strong></span> 
     </span>
     <span class='ocr_line' id='line_1_10' title="bbox 202 1532 994 1634; baseline 0.008 -31"><span class='ocrx_word' id='word_1_66' title='bbox 202 1532 310 1605; x_wconf 87' lang='lat' dir='ltr'><strong>exitio</strong></span> <span class='ocrx_word' id='word_1_67' title='bbox 327 1534 488 1607; x_wconf 88' lang='lat' dir='ltr'><strong>similiter</strong></span> <span class='ocrx_word' id='word_1_68' title='bbox 503 1536 733 1634; x_wconf 84' lang='lat' dir='ltr'><strong>comperiisse</strong></span> <span class='ocrx_word' id='word_1_69' title='bbox 746 1537 994 1633; x_wconf 80' lang='lat' dir='ltr'><strong>cognovimus.</strong></span> 
     </span>
    </p>
   </div>
   <div class='ocr_carea' id='block_1_3' title="bbox 561 1864 910 1939">
    <p class='ocr_par' dir='ltr' id='par_1_3' title="bbox 561 1864 910 1939">
     <span class='ocr_line' id='line_1_11' title="bbox 561 1864 910 1939; baseline 0.017 -6"><span class='ocrx_word' id='word_1_70' title='bbox 561 1864 818 1935; x_wconf 78' lang='lat' dir='ltr'><strong>CAPITULUM</strong></span> <span class='ocrx_word' id='word_1_71' title='bbox 843 1866 910 1939; x_wconf 88' lang='lat' dir='ltr'><strong>Xl..</strong></span> 
     </span>
    </p>
   </div>
   <div class='ocr_carea' id='block_1_4' title="bbox 240 2063 1236 2226">
    <p class='ocr_par' dir='ltr' id='par_1_4' title="bbox 240 2063 1236 2226">
     <span class='ocr_line' id='line_1_12' title="bbox 240 2063 1236 2148; baseline 0.009 -31"><span class='ocrx_word' id='word_1_72' title='bbox 240 2066 279 2117; x_wconf 87' lang='lat' dir='ltr'><strong>De</strong></span> <span class='ocrx_word' id='word_1_73' title='bbox 290 2063 331 2148; x_wconf 84' lang='lat' dir='ltr'><strong>his</strong></span> <span class='ocrx_word' id='word_1_74' title='bbox 341 2083 399 2136; x_wconf 73' lang='lat' dir='ltr'><strong>que</strong></span> <span class='ocrx_word' id='word_1_75' title='bbox 411 2064 439 2119; x_wconf 88' lang='lat' dir='ltr'><strong>in</strong></span> <span class='ocrx_word' id='word_1_76' title='bbox 454 2066 522 2138; x_wconf 84' lang='lat' dir='ltr'><strong>regis</strong></span> <span class='ocrx_word' id='word_1_77' title='bbox 535 2067 609 2122; x_wconf 74' lang='lat' dir='ltr'><strong>curin</strong></span> <span class='ocrx_word' id='word_1_78' title='bbox 622 2069 757 2142; x_wconf 80' lang='lat' dir='ltr'><strong>prosecuti</strong></span> <span class='ocrx_word' id='word_1_79' title='bbox 767 2069 876 2138; x_wconf 68' lang='lat' dir='ltr'><strong>immun,</strong></span> <span class='ocrx_word' id='word_1_80' title='bbox 888 2068 974 2142; x_wconf 82' lang='lat' dir='ltr'><strong>spatio</strong></span> <span class='ocrx_word' id='word_1_81' title='bbox 988 2068 1092 2123; x_wconf 84' lang='lat' dir='ltr'><strong>circiter</strong></span> <span class='ocrx_word' id='word_1_82' title='bbox 1107 2071 1236 2126; x_wconf 79' lang='lat' dir='ltr'><strong>mensium</strong></span> 
     </span>
     <span class='ocr_line' id='line_1_13' title="bbox 671 2168 796 2226; baseline 0.024 -16"><span class='ocrx_word' id='word_1_83' title='bbox 671 2168 796 2226; x_wconf 78' lang='lat' dir='ltr'><strong>quatuor.</strong></span> 
     </span>
    </p>
   </div>
   <div class='ocr_carea' id='block_1_5' title="bbox 198 2342 1267 4302">
    <p class='ocr_par' dir='ltr' id='par_1_5' title="bbox 198 2342 1267 4302">
     <span class='ocr_line' id='line_1_14' title="bbox 251 2342 1267 2440; baseline 0.003 -25"><span class='ocrx_word' id='word_1_84' title='bbox 251 2342 321 2415; x_wconf 86' lang='lat' dir='ltr'><strong>Sed</strong></span> <span class='ocrx_word' id='word_1_85' title='bbox 350 2367 424 2414; x_wconf 93' lang='lat' dir='ltr'><strong>nou</strong></span> <span class='ocrx_word' id='word_1_86' title='bbox 443 2367 487 2416; x_wconf 91' lang='lat' dir='ltr'><strong>eo</strong></span> <span class='ocrx_word' id='word_1_87' title='bbox 511 2345 648 2440; x_wconf 81' lang='lat' dir='ltr'><strong>minus&#39;,</strong></span> <span class='ocrx_word' id='word_1_88' title='bbox 674 2362 757 2418; x_wconf 89' lang='lat' dir='ltr'><strong>cum</strong></span> <span class='ocrx_word' id='word_1_89' title='bbox 784 2346 854 2419; x_wconf 92' lang='lat' dir='ltr'><strong>tale</strong></span> <span class='ocrx_word' id='word_1_90' title='bbox 875 2344 982 2417; x_wconf 92' lang='lat' dir='ltr'><strong>nobis</strong></span> <span class='ocrx_word' id='word_1_91' title='bbox 1005 2345 1267 2418; x_wconf 77' lang='lat' dir='ltr'><strong>interventione</strong></span> 
     </span>
     <span class='ocr_line' id='line_1_15' title="bbox 202 2458 1266 2561; baseline 0.005 -32"><span class='ocrx_word' id='word_1_92' title='bbox 202 2458 335 2556; x_wconf 79' lang='lat' dir='ltr'><strong>praelati</strong></span> <span class='ocrx_word' id='word_1_93' title='bbox 354 2459 467 2530; x_wconf 84' lang='lat' dir='ltr'><strong>Balue</strong></span> <span class='ocrx_word' id='word_1_94' title='bbox 485 2459 702 2536; x_wconf 86' lang='lat' dir='ltr'><strong>beneficium</strong></span> <span class='ocrx_word' id='word_1_95' title='bbox 718 2464 986 2561; x_wconf 85' lang='lat' dir='ltr'><strong>importaretur,</strong></span> <span class='ocrx_word' id='word_1_96' title='bbox 1006 2460 1126 2534; x_wconf 88' lang='lat' dir='ltr'><strong>adhuc</strong></span> <span class='ocrx_word' id='word_1_97' title='bbox 1141 2462 1266 2561; x_wconf 91' lang='lat' dir='ltr'><strong>persti-</strong></span> 
     </span>
     <span class='ocr_line' id='line_1_16' title="bbox 202 2568 1267 2673; baseline 0.003 -27"><span class='ocrx_word' id='word_1_98' title='bbox 202 2575 329 2666; x_wconf 88' lang='lat' dir='ltr'><strong>timus,</strong></span> <span class='ocrx_word' id='word_1_99' title='bbox 350 2576 586 2673; x_wconf 86' lang='lat' dir='ltr'><strong>supplicando</strong></span> <span class='ocrx_word' id='word_1_100' title='bbox 610 2568 649 2650; x_wconf 88' lang='lat' dir='ltr'><strong>ut</strong></span> <span class='ocrx_word' id='word_1_101' title='bbox 666 2578 814 2671; x_wconf 83' lang='lat' dir='ltr'><strong>saltem,</strong></span> <span class='ocrx_word' id='word_1_102' title='bbox 843 2580 872 2650; x_wconf 93' lang='lat' dir='ltr'><strong>si</strong></span> <span class='ocrx_word' id='word_1_103' title='bbox 898 2600 964 2650; x_wconf 90' lang='lat' dir='ltr'><strong>nec</strong></span> <span class='ocrx_word' id='word_1_104' title='bbox 994 2579 1032 2649; x_wconf 91' lang='lat' dir='ltr'><strong>in</strong></span> <span class='ocrx_word' id='word_1_105' title='bbox 1062 2578 1209 2650; x_wconf 79' lang='lat' dir='ltr'><strong>ecelesia</strong></span> <span class='ocrx_word' id='word_1_106' title='bbox 1231 2592 1267 2649; x_wconf 94' lang='lat' dir='ltr'><strong>et</strong></span> 
     </span>
     <span class='ocr_line' id='line_1_17' title="bbox 201 2690 1267 2795; baseline 0.001 -33"><span class='ocrx_word' id='word_1_107' title='bbox 201 2690 345 2762; x_wconf 72' lang='lat' dir='ltr'><strong>dioecesi</strong></span> <span class='ocrx_word' id='word_1_108' title='bbox 361 2707 495 2784; x_wconf 89' lang='lat' dir='ltr'><strong>nostra,</strong></span> <span class='ocrx_word' id='word_1_109' title='bbox 509 2694 627 2764; x_wconf 89' lang='lat' dir='ltr'><strong>necin</strong></span> <span class='ocrx_word' id='word_1_110' title='bbox 641 2693 715 2766; x_wconf 90' lang='lat' dir='ltr'><strong>ulla</strong></span> <span class='ocrx_word' id='word_1_111' title='bbox 730 2694 959 2795; x_wconf 86' lang='lat' dir='ltr'><strong>portiuncula</strong></span> <span class='ocrx_word' id='word_1_112' title='bbox 968 2693 1075 2764; x_wconf 91' lang='lat' dir='ltr'><strong>totius</strong></span> <span class='ocrx_word' id='word_1_113' title='bbox 1092 2695 1267 2766; x_wconf 89' lang='lat' dir='ltr'><strong>Norman·</strong></span> 
     </span>
     <span class='ocr_line' id='line_1_18' title="bbox 202 2808 1267 2908; baseline 0 -29"><span class='ocrx_word' id='word_1_114' title='bbox 202 2809 267 2879; x_wconf 83' lang='lat' dir='ltr'><strong>niae</strong></span> <span class='ocrx_word' id='word_1_115' title='bbox 291 2808 453 2891; x_wconf 80' lang='lat' dir='ltr'><strong>habitate</strong></span> <span class='ocrx_word' id='word_1_116' title='bbox 468 2809 610 2899; x_wconf 91' lang='lat' dir='ltr'><strong>liceret,</strong></span> <span class='ocrx_word' id='word_1_117' title='bbox 638 2834 705 2881; x_wconf 92' lang='lat' dir='ltr'><strong>nos</strong></span> <span class='ocrx_word' id='word_1_118' title='bbox 727 2811 946 2908; x_wconf 89' lang='lat' dir='ltr'><strong>permitteret</strong></span> <span class='ocrx_word' id='word_1_119' title='bbox 964 2832 1026 2879; x_wconf 81' lang='lat' dir='ltr'><strong>rex</strong></span> <span class='ocrx_word' id='word_1_120' title='bbox 1043 2809 1101 2881; x_wconf 86' lang='lat' dir='ltr'><strong>vel</strong></span> <span class='ocrx_word' id='word_1_121' title='bbox 1118 2809 1155 2879; x_wconf 96' lang='lat' dir='ltr'><strong>in</strong></span> <span class='ocrx_word' id='word_1_122' title='bbox 1181 2830 1267 2903; x_wconf 90' lang='lat' dir='ltr'><strong>qua·</strong></span> 
     </span>
     <span class='ocr_line' id='line_1_19' title="bbox 200 2922 1266 3020; baseline 0 -27"><span class='ocrx_word' id='word_1_123' title='bbox 200 2947 356 3020; x_wconf 87' lang='lat' dir='ltr'><strong>eumque</strong></span> <span class='ocrx_word' id='word_1_124' title='bbox 369 2924 440 2997; x_wconf 88' lang='lat' dir='ltr'><strong>alia</strong></span> <span class='ocrx_word' id='word_1_125' title='bbox 457 2923 558 3020; x_wconf 89' lang='lat' dir='ltr'><strong>regni</strong></span> <span class='ocrx_word' id='word_1_126' title='bbox 577 2937 677 3020; x_wconf 90' lang='lat' dir='ltr'><strong>parte</strong></span> <span class='ocrx_word' id='word_1_127' title='bbox 694 2923 911 3016; x_wconf 87' lang='lat' dir='ltr'><strong>delitescere,</strong></span> <span class='ocrx_word' id='word_1_128' title='bbox 930 2922 994 2996; x_wconf 92' lang='lat' dir='ltr'><strong>ubi</strong></span> <span class='ocrx_word' id='word_1_129' title='bbox 1009 2923 1266 3020; x_wconf 86' lang='lat' dir='ltr'><strong>temperantior</strong></span> 
     </span>
     <span class='ocr_line' id='line_1_20' title="bbox 200 3036 1263 3131; baseline -0.001 -21"><span class='ocrx_word' id='word_1_130' title='bbox 200 3053 236 3110; x_wconf 90' lang='lat' dir='ltr'><strong>et</strong></span> <span class='ocrx_word' id='word_1_131' title='bbox 252 3038 430 3111; x_wconf 86' lang='lat' dir='ltr'><strong>salubrior</strong></span> <span class='ocrx_word' id='word_1_132' title='bbox 439 3037 553 3110; x_wconf 86' lang='lat' dir='ltr'><strong>nohis</strong></span> <span class='ocrx_word' id='word_1_133' title='bbox 567 3063 628 3110; x_wconf 90' lang='lat' dir='ltr'><strong>aer</strong></span> <span class='ocrx_word' id='word_1_134' title='bbox 639 3052 675 3109; x_wconf 90' lang='lat' dir='ltr'><strong>et</strong></span> <span class='ocrx_word' id='word_1_135' title='bbox 690 3038 822 3110; x_wconf 89' lang='lat' dir='ltr'><strong>coelum</strong></span> <span class='ocrx_word' id='word_1_136' title='bbox 835 3038 1044 3111; x_wconf 91' lang='lat' dir='ltr'><strong>clementius</strong></span> <span class='ocrx_word' id='word_1_137' title='bbox 1056 3036 1263 3131; x_wconf 92' lang='lat' dir='ltr'><strong>haberetur,</strong></span> 
     </span>
     <span class='ocr_line' id='line_1_21' title="bbox 201 3153 1266 3253; baseline 0 -28"><span class='ocrx_word' id='word_1_138' title='bbox 201 3176 309 3251; x_wconf 87' lang='lat' dir='ltr'><strong>quam</strong></span> <span class='ocrx_word' id='word_1_139' title='bbox 327 3156 363 3226; x_wconf 94' lang='lat' dir='ltr'><strong>in</strong></span> <span class='ocrx_word' id='word_1_140' title='bbox 380 3154 516 3228; x_wconf 88' lang='lat' dir='ltr'><strong>torrida</strong></span> <span class='ocrx_word' id='word_1_141' title='bbox 532 3155 591 3226; x_wconf 88' lang='lat' dir='ltr'><strong>illa</strong></span> <span class='ocrx_word' id='word_1_142' title='bbox 613 3154 717 3253; x_wconf 80' lang='lat' dir='ltr'><strong>plaga</strong></span> <span class='ocrx_word' id='word_1_143' title='bbox 736 3153 948 3247; x_wconf 81' lang='lat' dir='ltr'><strong>Cataloulae,</strong></span> <span class='ocrx_word' id='word_1_144' title='bbox 971 3154 1009 3224; x_wconf 93' lang='lat' dir='ltr'><strong>in</strong></span> <span class='ocrx_word' id='word_1_145' title='bbox 1032 3177 1104 3249; x_wconf 90' lang='lat' dir='ltr'><strong>qua</strong></span> <span class='ocrx_word' id='word_1_146' title='bbox 1121 3154 1266 3250; x_wconf 85' lang='lat' dir='ltr'><strong>regione</strong></span> 
     </span>
     <span class='ocr_line' id='line_1_22' title="bbox 201 3269 1266 3369; baseline 0.001 -27"><span class='ocrx_word' id='word_1_147' title='bbox 201 3295 318 3368; x_wconf 91' lang='lat' dir='ltr'><strong>neque</strong></span> <span class='ocrx_word' id='word_1_148' title='bbox 345 3271 496 3344; x_wconf 92' lang='lat' dir='ltr'><strong>domum</strong></span> <span class='ocrx_word' id='word_1_149' title='bbox 515 3296 632 3369; x_wconf 90' lang='lat' dir='ltr'><strong>neque</strong></span> <span class='ocrx_word' id='word_1_150' title='bbox 660 3284 787 3342; x_wconf 93' lang='lat' dir='ltr'><strong>notum</strong></span> <span class='ocrx_word' id='word_1_151' title='bbox 809 3270 964 3369; x_wconf 91' lang='lat' dir='ltr'><strong>aliquem</strong></span> <span class='ocrx_word' id='word_1_152' title='bbox 987 3294 1132 3368; x_wconf 91' lang='lat' dir='ltr'><strong>prorsus</strong></span> <span class='ocrx_word' id='word_1_153' title='bbox 1158 3269 1266 3343; x_wconf 85' lang='lat' dir='ltr'><strong>habe·</strong></span> 
     </span>
     <span class='ocr_line' id='line_1_23' title="bbox 201 3385 1266 3487; baseline -0.003 -28"><span class='ocrx_word' id='word_1_154' title='bbox 201 3413 333 3480; x_wconf 91' lang='lat' dir='ltr'><strong>remus,</strong></span> <span class='ocrx_word' id='word_1_155' title='bbox 359 3404 482 3487; x_wconf 90' lang='lat' dir='ltr'><strong>utpote</strong></span> <span class='ocrx_word' id='word_1_156' title='bbox 506 3413 584 3486; x_wconf 85' lang='lat' dir='ltr'><strong>quae</strong></span> <span class='ocrx_word' id='word_1_157' title='bbox 605 3387 770 3459; x_wconf 86' lang='lat' dir='ltr'><strong>trecentis</strong></span> <span class='ocrx_word' id='word_1_158' title='bbox 795 3385 1006 3459; x_wconf 90' lang='lat' dir='ltr'><strong>milliaribus</strong></span> <span class='ocrx_word' id='word_1_159' title='bbox 1029 3386 1209 3482; x_wconf 84' lang='lat' dir='ltr'><strong>gallicanis</strong></span> <span class='ocrx_word' id='word_1_160' title='bbox 1231 3400 1266 3458; x_wconf 91' lang='lat' dir='ltr'><strong>et</strong></span> 
     </span>
     <span class='ocr_line' id='line_1_24' title="bbox 201 3503 1265 3585; baseline -0.005 -7"><span class='ocrx_word' id='word_1_161' title='bbox 201 3530 224 3578; x_wconf 87' lang='lat' dir='ltr'><strong>a</strong></span> <span class='ocrx_word' id='word_1_162' title='bbox 245 3506 335 3585; x_wconf 81' lang='lat' dir='ltr'><strong>looo,</strong></span> <span class='ocrx_word' id='word_1_163' title='bbox 348 3507 539 3578; x_wconf 86' lang='lat' dir='ltr'><strong>nativitatis</strong></span> <span class='ocrx_word' id='word_1_164' title='bbox 555 3521 590 3578; x_wconf 91' lang='lat' dir='ltr'><strong>et</strong></span> <span class='ocrx_word' id='word_1_165' title='bbox 607 3503 776 3577; x_wconf 88' lang='lat' dir='ltr'><strong>afinibus</strong></span> <span class='ocrx_word' id='word_1_166' title='bbox 798 3517 927 3575; x_wconf 82' lang='lat' dir='ltr'><strong>uostrae</strong></span> <span class='ocrx_word' id='word_1_167' title='bbox 946 3503 1108 3576; x_wconf 88' lang='lat' dir='ltr'><strong>dioecesis</strong></span> <span class='ocrx_word' id='word_1_168' title='bbox 1127 3517 1265 3574; x_wconf 88' lang='lat' dir='ltr'><strong>remota</strong></span> 
     </span>
     <span class='ocr_line' id='line_1_25' title="bbox 200 3618 1261 3719; baseline -0.003 -27"><span class='ocrx_word' id='word_1_169' title='bbox 200 3635 291 3692; x_wconf 89' lang='lat' dir='ltr'><strong>esset</strong></span> <span class='ocrx_word' id='word_1_170' title='bbox 307 3648 314 3691; x_wconf 92' lang='lat'>:</span> <span class='ocrx_word' id='word_1_171' title='bbox 329 3621 515 3693; x_wconf 78' lang='lat' dir='ltr'><strong>offerentes</strong></span> <span class='ocrx_word' id='word_1_172' title='bbox 528 3645 595 3719; x_wconf 92' lang='lat' dir='ltr'><strong>pro</strong></span> <span class='ocrx_word' id='word_1_173' title='bbox 607 3643 740 3717; x_wconf 89' lang='lat' dir='ltr'><strong>magno</strong></span> <span class='ocrx_word' id='word_1_174' title='bbox 755 3643 904 3691; x_wconf 89' lang='lat' dir='ltr'><strong>munere</strong></span> <span class='ocrx_word' id='word_1_175' title='bbox 919 3631 955 3689; x_wconf 90' lang='lat' dir='ltr'><strong>et</strong></span> <span class='ocrx_word' id='word_1_176' title='bbox 966 3618 1079 3716; x_wconf 88' lang='lat' dir='ltr'><strong>gratia</strong></span> <span class='ocrx_word' id='word_1_177' title='bbox 1091 3618 1261 3717; x_wconf 89' lang='lat' dir='ltr'><strong>recipere,</strong></span> 
     </span>
     <span class='ocr_line' id='line_1_26' title="bbox 200 3735 1264 3837; baseline -0.003 -28"><span class='ocrx_word' id='word_1_178' title='bbox 200 3739 229 3809; x_wconf 92' lang='lat' dir='ltr'><strong>si</strong></span> <span class='ocrx_word' id='word_1_179' title='bbox 241 3739 297 3810; x_wconf 90' lang='lat' dir='ltr'><strong>vel</strong></span> <span class='ocrx_word' id='word_1_180' title='bbox 311 3737 403 3837; x_wconf 86' lang='lat' dir='ltr'><strong>inter</strong></span> <span class='ocrx_word' id='word_1_181' title='bbox 415 3752 592 3835; x_wconf 60' lang='lat' dir='ltr'><strong>prerupta</strong></span> <span class='ocrx_word' id='word_1_182' title='bbox 607 3752 643 3808; x_wconf 90' lang='lat' dir='ltr'><strong>et</strong></span> <span class='ocrx_word' id='word_1_183' title='bbox 660 3735 827 3834; x_wconf 88' lang='lat' dir='ltr'><strong>scopulos</strong></span> <span class='ocrx_word' id='word_1_184' title='bbox 840 3746 1007 3806; x_wconf 86' lang='lat' dir='ltr'><strong>saxorum</strong></span> <span class='ocrx_word' id='word_1_185' title='bbox 1024 3735 1195 3837; x_wconf 76' lang='lat' dir='ltr'><strong>Alverniae</strong></span> <span class='ocrx_word' id='word_1_186' title='bbox 1208 3735 1264 3806; x_wconf 90' lang='lat' dir='ltr'><strong>vel</strong></span> 
     </span>
     <span class='ocr_line' id='line_1_27' title="bbox 200 3840 1264 3952; baseline -0.004 -26"><span class='ocrx_word' id='word_1_187' title='bbox 200 3853 395 3926; x_wconf 84' lang='lat' dir='ltr'><strong>Delfinatus</strong></span> <span class='ocrx_word' id='word_1_188' title='bbox 411 3840 518 3925; x_wconf 83' lang='lat' dir='ltr'><strong>nubis</strong></span> <span class='ocrx_word' id='word_1_189' title='bbox 534 3853 660 3950; x_wconf 83' lang='lat' dir='ltr'><strong>degere</strong></span> <span class='ocrx_word' id='word_1_190' title='bbox 676 3877 780 3952; x_wconf 91' lang='lat' dir='ltr'><strong>posse</strong></span> <span class='ocrx_word' id='word_1_191' title='bbox 803 3849 1072 3922; x_wconf 87' lang='lat' dir='ltr'><strong>concederetur.</strong></span> <span class='ocrx_word' id='word_1_192' title='bbox 1094 3848 1146 3920; x_wconf 81' lang='lat' dir='ltr'><strong>Ad</strong></span> <span class='ocrx_word' id='word_1_193' title='bbox 1164 3850 1264 3945; x_wconf 90' lang='lat' dir='ltr'><strong>quod</strong></span> 
     </span>
     <span class='ocr_line' id='line_1_28' title="bbox 199 3970 1264 4067; baseline -0.004 -24"><span class='ocrx_word' id='word_1_194' title='bbox 199 3970 451 4063; x_wconf 88' lang='lat' dir='ltr'><strong>obtinendum,</strong></span> <span class='ocrx_word' id='word_1_195' title='bbox 467 3970 561 4063; x_wconf 87' lang='lat' dir='ltr'><strong>licet,</strong></span> <span class='ocrx_word' id='word_1_196' title='bbox 577 3991 886 4067; x_wconf 88' lang='lat' dir='ltr'><strong>quampossemus</strong></span> <span class='ocrx_word' id='word_1_197' title='bbox 895 3980 931 4039; x_wconf 90' lang='lat' dir='ltr'><strong>et</strong></span> <span class='ocrx_word' id='word_1_198' title='bbox 942 3993 1007 4066; x_wconf 89' lang='lat' dir='ltr'><strong>per</strong></span> <span class='ocrx_word' id='word_1_199' title='bbox 1017 3988 1264 4064; x_wconf 87' lang='lat' dir='ltr'><strong>quoscumque</strong></span> 
     </span>
     <span class='ocr_line' id='line_1_29' title="bbox 199 4083 1262 4185; baseline -0.005 -24"><span class='ocrx_word' id='word_1_200' title='bbox 199 4111 402 4185; x_wconf 86' lang='lat' dir='ltr'><strong>possemus,</strong></span> <span class='ocrx_word' id='word_1_201' title='bbox 424 4087 619 4159; x_wconf 81' lang='lat' dir='ltr'><strong>laceremus</strong></span> <span class='ocrx_word' id='word_1_202' title='bbox 633 4085 852 4178; x_wconf 85' lang='lat' dir='ltr'><strong>instantiam,</strong></span> <span class='ocrx_word' id='word_1_203' title='bbox 873 4083 963 4156; x_wconf 93' lang='lat' dir='ltr'><strong>nihil</strong></span> <span class='ocrx_word' id='word_1_204' title='bbox 980 4097 1101 4155; x_wconf 88' lang='lat' dir='ltr'><strong>tamen</strong></span> <span class='ocrx_word' id='word_1_205' title='bbox 1119 4083 1262 4181; x_wconf 87' lang='lat' dir='ltr'><strong>penitus</strong></span> 
     </span>
     <span class='ocr_line' id='line_1_30' title="bbox 198 4199 1260 4302; baseline -0.001 -29"><span class='ocrx_word' id='word_1_206' title='bbox 198 4204 240 4275; x_wconf 85' lang='lat' dir='ltr'><strong>iu&#39;</strong></span> <span class='ocrx_word' id='word_1_207' title='bbox 257 4205 329 4277; x_wconf 88' lang='lat' dir='ltr'><strong>hoc</strong></span> <span class='ocrx_word' id='word_1_208' title='bbox 346 4202 520 4302; x_wconf 86' lang='lat' dir='ltr'><strong>prolicere</strong></span> <span class='ocrx_word' id='word_1_209' title='bbox 538 4203 733 4302; x_wconf 82' lang='lat' dir='ltr'><strong>potuimus</strong></span> <span class='ocrx_word' id='word_1_210' title='bbox 754 4201 825 4276; x_wconf 86' lang='lat' dir='ltr'><strong>Sed</strong></span> <span class='ocrx_word' id='word_1_211' title='bbox 841 4201 961 4300; x_wconf 91' lang='lat' dir='ltr'><strong>priore</strong></span> <span class='ocrx_word' id='word_1_212' title='bbox 976 4223 1118 4298; x_wconf 88' lang='lat' dir='ltr'><strong>semper</strong></span> <span class='ocrx_word' id='word_1_213' title='bbox 1128 4199 1260 4296; x_wconf 85' lang='lat' dir='ltr'><strong>injecta</strong></span> 
     </span>
    </p>
   </div>
   <div class='ocr_carea' id='block_1_6' title="bbox 0 0 1478 5070">
    <p class='ocr_par' dir='ltr' id='par_1_6' title="bbox 0 0 1478 5070">
     <span class='ocr_line' id='line_1_31' title="bbox 0 0 1478 5070; baseline 0 1"><span class='ocrx_word' id='word_1_214' title='bbox 0 0 1478 5070; x_wconf 95' lang='lat' dir='ltr'><strong> </strong></span> 
     </span>
    </p>
   </div>
  </div>
 </body>
</html>
