2946 5070
618 494 728 552 cnm
747 491 899 552 ssxms.
1083 574 1085 585 Ι
1245 494 1283 555 ιι

272 630 366 701 Misit
389 641 509 702 autem
531 628 606 725 ipse
625 653 705 720 rex,
728 628 828 724 juxta
846 622 1138 726 pollicitationem
1156 652 1278 723 ειιιιιιι,

222 769 294 843 qua
318 745 529 844 promiserat
548 768 639 815 suos
664 769 701 815 se
720 759 878 815 oratores
901 744 1092 815 missumm
1117 743 1164 815 ad
1191 743 1281 816 iiiio-
1349 826 1353 831 .

221 861 293 933 lam
310 882 413 932 suam
431 858 688 956 deputatosque
706 861 881 948 Stetuum,
897 858 959 955 qui
974 859 1137 932 Gandavi
1155 884 1284 932 conve-

221 989 366 1067 nerant,
386 972 585 1070 quemdam-
598 973 813 1067 Oliuerium,
831 969 1118 1093 barbitpnsorem
1136 999 1241 1046 suum
1254 979 1276 1067 ¹,

220 1091 283 1163 sed
299 1090 440 1162 noviter
454 1087 501 1160 ab
517 1113 562 1161 eo
578 1102 737 1160 creatum
752 1104 788 1160 et
804 1089 1029 1161 nominatum
1050 1090 1217 1161 comitem
1234 1090 1280 1162 de

220 1205 438 1304 Meuleneq¹,
461 1206 523 1302 qui
536 1230 679 1277 momm
692 1229 841 1277 suorum
856 1206 982 1277 merito
999 1221 1279 1302 cognomentum

218 1323 431 1421 acquisierat
449 1323 472 1392 ⁸.
502 1322 573 1410 Qui
591 1323 735 1394 veniens
755 1321 968 1418 Gandavum
989 1345 1072 1393 cum
1094 1346 1170 1394 uno
1194 1323 1278 1394 sim·

218 1437 312 1536 plice
341 1436 529 1510 secretario
562 1435 678 1532 regio,
711 1435 811 1533 petiit
835 1460 878 1506 ex
904 1450 1004 1534 parte
1029 1436 1120 1531 regis
1145 1434 1279 1508 habere

216 1553 439 1651 colloquium
451 1567 626 1625 secretum
639 1551 685 1623 ad
701 1567 851 1650 partem,
864 1576 947 1624 cum
962 1552 1171 1652 principissa
1186 1553 1274 1627 sola.

217 1669 328 1758 Quod
343 1670 518 1767 cumipse
535 1668 726 1740 audivisset
751 1668 954 1764 ceterique,
975 1669 1037 1765 qui
1061 1667 1106 1740 de
1124 1669 1199 1764 ejus
1218 1666 1278 1741 ad·

216 1802 318 1858 erant
330 1786 545 1882 cognatione
560 1801 596 1859 et
612 1785 778 1879 consilio,
790 1786 907 1857 mirati
924 1800 1007 1857 sunt
1023 1800 1058 1859 et
1074 1811 1148 1859 non
1165 1787 1279 1859 modi·

215 1927 299 1973 cum
312 1902 541 1975 stomachati:
560 1901 826 2000 primumquod
837 1925 895 1974 rex
912 1901 1018 1974 talem
1034 1901 1165 1974 iniimae
1174 1905 1278 1976 sortis

215 2031 252 2088 et
266 2015 482 2090 conditionis
497 2017 683 2089 hominem
699 2017 851 2114 talique,
870 2016 920 2088 uti
939 2015 1113 2105 diximus,
1131 2018 1276 2114 insigni-

214 2147 291 2205 tum
318 2147 579 2229 cognoment0,
606 2132 653 2205 ad
678 2132 784 2206 talem
806 2146 1011 2231 tantamque
1029 2134 1274 2232 principissam

211 2254 369 2350 legatum
384 2255 552 2346 misisset,
567 2269 604 2326 et
625 2278 692 2353 pro
706 2269 805 2327 tanto
825 2268 971 2352 tamque
991 2255 1105 2327 arduo
1130 2257 1274 2350 negotio

211 2370 485 2468 pertractand03
505 2370 634 2443 deinde
652 2369 750 2467 quod
767 2383 871 2442 tantae
888 2370 1119 2469 principissae,
1134 2372 1274 2468 juvenis

210 2484 349 2583 puellae,
366 2486 600 2583 colloquium,
615 2486 758 2557 remotis
767 2483 921 2578 arbitris,
939 2500 1140 2584 expeteret:
1158 2486 1270 2582 quod,

210 2602 328 2699 prima
357 2600 465 2694 facie,
492 2627 575 2674 eum
601 2603 638 2673 in
665 2600 842 2674 mandatis
866 2599 912 2673 ab
936 2626 1019 2696 rege
1037 2600 1172 2672 habere
1197 2625 1270 2673 uon

209 2716 416 2790 credebant.
432 2717 535 2789 Unde
553 2717 685 2789 iactum
701 2716 767 2789 sibi
785 2717 850 2789 fuit
866 2741 1075 2815 responsum
1094 2718 1214 2816 quod,
1240 2717 1270 2788 si

207 2834 331 2922 vellet,
352 2859 475 2908 coram
497 2835 622 2908 eadem
642 2836 850 2934 principissa
871 2850 907 2908 et
934 2836 1116 2914 nonnullis
1139 2835 1184 2909 de
1205 2860 1268 2908 sua

205 2951 513 3046 consanguinitate
527 2965 564 3022 et
577 2951 746 3042 consilio,
765 2952 887 3049 paucis
903 2975 1068 3044 numero,
1086 2975 1157 3023 suae
1172 2951 1266 3048 lega·

206 3067 316 3140 tionis
334 3093 426 3139 onus
440 3082 650 3166 exponeret3
670 3091 828 3166 namque
850 3085 933 3140 cum
950 3068 1011 3140 tali
1026 3083 1195 3166 tantaque
1206 3069 1265 3165 ju·

246 3305 276 3361 l.
298 3305 416 3362 unm.
440 3307 482 3362 La
499 3303 616 3362 mission
635 3301 817 3380 d'Oiivierle
834 3300 917 3359 Daim
933 3314 976 3359 est
992 3299 1032 3359 du
1051 3301 1124 3360 mois
1141 3299 1178 3360 de
1193 3300 1263 3374 jan·

203 3395 268 3454 vier
281 3398 371 3457 ΜΠ.
386 3396 447 3454 ulte
464 3395 588 3474 precede
609 3408 701 3454 tontes
718 3395 760 3453 les
779 3391 974 3473 negociatione
989 3395 1134 3465 entamees
1148 3412 1219 3454 avec
1235 3395 1263 3454 Ιι

202 3486 345 3546 ὼοίιωεο
356 3508 396 3546 ou
409 3508 462 3547 son
474 3488 593 3548 conscii.

243 3587 275 3643 2.
298 3589 415 3662 Mulecq
429 3586 500 3646 dans
517 3586 545 3645 le
567 3585 733 3645 manuscrit.
752 3588 829 3646 C'est
847 3585 1134 3661 Meuian3sur·seine.
1154 3587 1262 3647 Olivicr

202 3680 231 3737 le
242 3679 339 3751 Daim,
354 3681 495 3759 capimine
508 3681 545 3739 de
556 3692 631 3739 cette
643 3679 722 3751 ville,
733 3699 770 3739 ne
784 3679 841 3760 pn't
854 3680 882 3739 le
895 3679 960 3737 titre
975 3678 1012 3737 de
1021 3692 1117 3738 comte
1127 3679 1263 3761 qu'aprh

201 3792 260 3851 qne
272 3774 361 3831 Iouis
378 3778 423 3833 xt
440 3775 480 3834 lui
497 3789 546 3834 eut
561 3775 657 3833 donne
679 3791 737 3833 une
757 3775 849 3853 partie
866 3773 905 3832 du
926 3772 1066 3832 territoire
1085 3773 1122 3831 de
1138 3773 1261 3836 l’ancien

200 3869 297 3925 comte
309 3887 363 3945 par
377 3869 474 3927 lettres
486 3869 525 3928 du
540 3872 577 3928 ta
590 3866 749 3927 novembre
763 3870 852 3927 titt.

242 3962 272 4017 3.
294 3959 319 4016 11
333 3960 394 4018 iant
403 3961 472 4038 qu’il
484 3981 505 4038 y
515 3961 554 4018 ait
567 3961 604 4018 ici
618 3980 675 4019 une
688 3960 836 4032 omission,
846 3961 917 4020 celle
930 3960 970 4019 du
984 3979 1053 4018 nom
1067 3959 1104 4018 de
1117 3960 1257 4036 Mauvais,

199 4051 360 4129 qn'Olivicr
374 4054 450 4112 avait
468 4055 551 4132 porte
563 4053 701 4111 autrefois
718 4066 747 4111 et
765 4072 822 4130 que
837 4052 865 4111 le
879 4054 983 4132 peupie
994 4071 1033 4111 ne
1044 4052 1146 4110 cessait
1158 4071 1209 4131 pas
1223 4052 1260 4113 de

200 4145 240 4204 tui
255 4145 379 4217 donner,
393 4148 520 4226 quoique
533 4147 620 4205 loun
637 4149 680 4205 XI
699 4146 769 4206 l’etit
783 4145 909 4225 change,
928 4166 980 4224 par
997 4146 1094 4204 lettres
1112 4159 1258 4224 patentes,
1281 4184 1288 4197 ι

201 4257 237 4298 en
251 4238 326 4298 cetui
340 4240 479 4299 d'Olivier
492 4242 520 4300 ie
534 4240 627 4300 Dalm.

278 4355 316 4398 nr
1104 4339 1124 4398 2
