2946 5070
167 469 226 526 tet
438 464 694 523 mstomaauu
712 462 887 520 Lunovlct
906 463 949 520 Xl

167 625 248 672 rum
261 598 422 696 judicum
447 610 509 668 aut
526 594 732 690 quorumvis
753 594 904 665 aliorum
930 618 966 665 se
989 592 1035 662 ‹le
1059 591 1223 687 hujusce·

167 715 267 787 modi
293 714 442 809 negotiis
470 714 747 782 intromitteret¹.
778 711 879 782 Unde
904 710 971 781 illis
997 708 1226 806 iniquissimis

167 830 417 904 commissariis
440 827 546 900 ausus
568 825 802 918 increscebat,
830 850 1072 924 quascumque
1099 822 1227 894 voluis·

167 963 262 1037 seut,
301 945 446 1041 injurias
484 958 521 1014 et
560 944 701 1041 rapinas
738 940 1017 1040 provincialibus
1055 939 1227 1011 audenter

169 1061 356 1135 inserendi.

218 1183 298 1249 Haeo
328 1190 403 1248 erat
428 1174 583 1269 magistri
613 1176 650 1245 in
680 1198 854 1272 pauperes
877 1174 1054 1273 supplices
1074 1173 1226 1269 justitia,

169 1319 278 1394 quam
292 1316 357 1390 per
376 1289 484 1361 hosce
507 1289 603 1359 velut
625 1289 770 1360 rabidos
787 1313 892 1360 canes
913 1289 988 1360 fieri
1004 1288 1171 1385 jubebat.
1190 1294 1230 1359 Et

170 1410 245 1481 haec
274 1406 420 1504 quidem
445 1405 614 1500 generalis
640 1404 842 1476 reformatio
865 1402 1009 1500 gabellae
1035 1405 1117 1476 salis
1143 1404 1232 1475 facta

172 1525 255 1617 fuit,
285 1549 329 1594 eo
354 1520 520 1619 jubente,
542 1545 606 1618 per
626 1519 718 1591 duos
739 1535 800 1592 aut
819 1534 889 1590 tres
911 1543 1025 1592 annos
1050 1519 1234 1591 dumtaxat

172 1655 363 1737 antequam
390 1639 464 1736 ipse
489 1650 705 1731 moreretur,
736 1660 819 1707 cum
847 1659 920 1707 una
948 1634 1104 1733 populus
1129 1635 1234 1705 totius

174 1759 292 1853 regni,
312 1780 378 1855 pro
392 1756 576 1860 immensis
590 1755 819 1826 collectarum
836 1752 1040 1824 oneribusa
1058 1776 1097 1823 se
1114 1752 1235 1848 impo-

174 1873 264 1964 sitis,
298 1870 410 1963 same,
436 1870 519 1943 tabe
546 1870 721 1965 variisque
743 1868 879 1940 morbis
897 1865 1032 1965 ubique
1054 1866 1235 1938 miserabi-

175 1989 254 2060 liter
270 1987 439 2058 interiret.

225 2104 295 2176 Sed
306 2103 400 2175 dicet
413 2102 531 2174 forsan
548 2104 675 2198 aliquis
692 2102 791 2198 quod
816 2102 861 2175 ad
880 2099 1071 2173 tutandum
1088 2123 1236 2194 regnum

178 2234 213 2289 et
237 2221 334 2314 regni
358 2219 487 2289 limites
512 2243 653 2290 necesse
676 2216 744 2290 sibi
767 2233 843 2290 erat
867 2219 1030 2290 militiam
1057 2209 1239 2313 copiosam

180 2349 316 2424 tenere,
347 2333 478 2431 quibus
498 2348 535 2404 ut
559 2333 733 2432 stipendia
750 2335 894 2420 fierent,
922 2332 1113 2432 oportebat
1129 2356 1241 2429 popu·

180 2448 255 2519 lum
285 2452 383 2544 regni
415 2463 469 2519 tot
502 2451 677 2547 tantisque
708 2451 935 2522 collectarum
961 2465 996 2521 et
1024 2448 1239 2519 tributorum

181 2565 432 2637 collationibus
454 2567 613 2658 onerari,
637 2562 678 2637 et¹
694 2592 758 2664 per
770 2567 840 2639 hoc
853 2591 971 2661 regem
983 2568 1102 2662 ipsum
1117 2565 1242 2634 merito

182 2680 312 2753 debere
328 2682 499 2754 excusari.
520 2681 681 2753 Habebat
693 2684 789 2753 euim
803 2682 931 2754 ducem
948 2682 1093 2752 Austriae
1104 2680 1243 2750 hostem

183 2813 365 2894 potentem
393 2822 545 2894 suasque
573 2812 683 2870 terras
711 2799 956 2870 Flandriarum
981 2797 1108 2867 divites
1141 2805 1267 2892 atque‘

184 2915 400 3010 populosas3
436 2928 603 3012 praeterea
635 2914 826 3008 llnglorum
866 2938 984 3009 regem
1024 2935 1246 3009 regnumque

187 3029 294 3123 ipsius
316 3028 590 3099 infensissimum
607 3043 713 3125 atque
737 3030 1073 3126 periculosissimum
1090 3029 1242 3099 bostem.

227 3261 257 3317 l.
281 3262 376 3316 L'acte
390 3258 426 3316 de
443 3273 516 3317 cette
529 3260 654 3318 reformo
666 3264 739 3318 n’est
753 3279 804 3338 pas
818 3260 889 3317 dans
902 3259 930 3316 le
939 3258 1055 3316 Recueil
1070 3257 1122 3315 des
1135 3257 1248 3317 Ordon-

187 3370 304 3408 nances.
322 3354 367 3409 On
380 3365 513 3429 ytrouve
527 3353 686 3411 seulement
697 3373 737 3411 un
753 3352 812 3410 edit
826 3350 866 3409 du
882 3355 921 3408 20
936 3371 1012 3408 mars
1027 3353 1105 3409 ttae
1118 3351 1170 3427 qui
1184 3369 1250 3407 con·

188 3444 267 3501 tinue
291 3464 366 3522 pour
382 3444 426 3502 six
449 3466 500 3502 ans
515 3466 572 3504 une
591 3465 660 3504 crue
678 3445 715 3504 de
729 3458 869 3523 quarente
888 3463 955 3501 sous
971 3462 1024 3521 par
1039 3442 1119 3500 muid
1141 3442 1179 3500 de
1198 3441 1250 3514 sel,

188 3535 293 3594 e'tablie
307 3537 371 3609 de'ja
387 3537 488 3614 depuis
502 3540 547 3596 six
561 3559 612 3596 ans
628 3558 678 3596 sur
691 3539 733 3596 les
745 3538 873 3616 greniers
887 3539 903 3593 ὲ
915 3535 955 3593 sel
970 3535 1007 3593 de
1021 3534 1092 3611 deca
1106 3535 1134 3592 la
1149 3534 1253 3592 riviere

190 3627 226 3685 de
240 3628 343 3699 Seine,
359 3630 386 3686 le
400 3649 471 3707 pays
486 3631 521 3690 de
534 3630 710 3689 Normandie
723 3630 854 3708 excepte.
872 3628 897 3686 ll
910 3649 929 3705 y
941 3648 958 3686 a
973 3648 1080 3686 encore
1093 3648 1134 3684 un
1146 3628 1252 3685 allran-

190 3720 362 3778 cltissement
374 3723 495 3781 necordev
509 3724 536 3782 le
552 3729 569 3781 5·
584 3723 742 3782 novembre
757 3726 835 3780 {tea
850 3742 901 3800 par
915 3721 1031 3779 Charles
1045 3725 1113 3779 VlII
1131 3741 1189 3778 aux
1202 3721 1252 3778 ha·

190 3812 297 3870 bitants
315 3814 354 3869 du
374 3813 467 3872 duche
483 3815 519 3873 de
532 3821 703 3895 Bourgogne
717 3830 746 3875 et
762 3816 801 3874 du
821 3818 913 3873 comte'
930 3814 967 3872 de
982 3815 1131 3873 Charolais
1150 3838 1165 3866 ι
1183 3833 1255 3892 pour

190 3924 294 3981 oeque
315 3904 373 3962 l'on
393 3908 470 3965 aroit
492 3911 545 3966 mis
562 3911 688 3968 certaine
702 3929 823 3969 acereue
837 3929 888 3967 sur
901 3908 928 3967 le
946 3909 988 3966 sel
1004 3909 1054 3985 qui
1070 3927 1102 3964 se
1114 3905 1256 3966 distribue

191 3995 279 4053 esdiu
297 4018 383 4075 pays,
400 4020 436 4058 au
455 4004 572 4079 prouffit
591 4003 756 4082 particulier
776 4002 826 4060 des
847 4002 998 4061 marchans
1019 4001 1198 4059 lournissans
1215 4000 1256 4057 les

192 4089 320 4235 grepieps
335 4095 352 4148 a
367 4093 419 4153 sel.
439 4122 452 4144 ι·
473 4096 589 4155 Recuer'l
600 4101 649 4153 des
671 4099 810 4165 Ontonia„
832 4110 853 4155 t.
879 4098 963 4167 XVI,
987 4115 1016 4172 p.
1039 4097 1097 4152 1257
1115 4107 1145 4150 et
1160 4096 1254 4159 xlx,

190 4197 222 4253 p.
267 4181 285 4236 6
310 4227 317 4240 .
