2946 5070
502 508 611 566 noun
632 506 783 567 SEXTUS.
991 510 1004 557 ⁰-
1129 515 1168 572 35

106 635 310 737 bellicoque
318 655 490 740 apparatu
496 638 725 736 ,hujusmodi
734 653 908 713 terrarum
918 641 1051 741 oppida
1064 667 1169 716 occu·

107 776 211 852 pare,
228 777 308 850 quae
322 778 390 827 nec
404 753 573 855 praesidiis
593 753 746 826 militum
766 755 920 847 munita,
932 781 1006 855 ¹nec
1022 780 1169 832 annona

107 866 155 940 ad
170 870 320 966 longum
335 884 476 968 tempus
491 869 666 944 ullatenus
682 869 841 969 provisa,
860 895 926 944 nec
944 897 1007 973 spe
1022 898 1168 947 succur-

106 1011 167 1057 sus
199 1002 306 1084 atque
342 987 466 1060 solatia
502 986 747 1059 subventionis
776 1011 798 1058 a
830 1010 1014 1087 quoquam
1046 1015 1169 1064 conse·

107 1102 256 1200 quendi,
283 1103 426 1177 suffulta
454 1117 575 1194 erant;
604 1101 667 1175 sed
698 1101 748 1199 (et
771 1104 870 1201 quod
897 1106 1061 1179 omnium
1092 1131 1170 1205 pes·

105 1219 238 1291 simum
280 1236 388 1317 atque
421 1218 598 1294 exitiabile
634 1218 725 1314 erat)
758 1219 795 1291 in
827 1222 1022 1321 semetipsis
1055 1222 1168 1296 divisa

104 1334 299 1408 inimicitiis
324 1335 527 1411 domesticis
544 1350 650 1434 atque
669 1335 761 1409 odiis
780 1335 1005 1411 refertissima
1029 1339 1169 1411 exsiste·

104 1448 211 1544 bant,
229 1451 280 1524 ita
294 1465 334 1523 ut
353 1476 428 1524 non
446 1451 568 1525 aliud
558 1476 596 1524 m
614 1448 792 1575 singulisf
787 1475 884 1523 erme
900 1450 1044 1550 oppidis
1057 1477 1166 1552 quam

103 1561 218 1634 turbae
234 1577 269 1635 et
279 1563 450 1636 tumultus
467 1577 503 1636 et
518 1563 731 1662 optimatum
746 1528 995 1636 exstinctiones
1019 1589 1062 1638 ac
1083 1589 1167 1665 pro·

103 1680 315 1778 scriptiones
333 1694 533 1776 agerentur

463 1959 730 2031 ctPtTUwM
755 1960 798 2028 x.

101 2143 253 2201 Admintio
270 2161 319 2197 cur
338 2160 395 2198 non
412 2140 492 2195 fuerit
511 2140 586 2194 aliter
603 2139 653 2194 sibi
673 2138 835 2195 arridentem
848 2141 984 2195 fortunam
996 2156 1167 2215 prosecutus,

137 2243 201 2284 ante
218 2227 364 2283 adventum
373 2226 563 2294 Maximiliani,
579 2224 625 2280 sed
641 2225 777 2281 aseliciter
788 2246 804 2281 a
815 2245 842 2280 te
857 2227 947 2299 coeptis
958 2225 1096 2296 destiterit,
1109 2241 1169 2283 tun.

136 2312 280 2371 tnmmodo
295 2311 454 2387 quibusdam
472 2310 695 2368 incursationibus
712 2324 739 2366 et
749 2331 876 2386 agrorum
888 2312 1108 2387 populationibus
1119 2334 1169 2388 per

137 2419 201 2456 suos
212 2399 320 2455 interim
333 2399 417 2456 factis.

150 2567 260 2663 Atqui
273 2590 337 2639 cur
353 2565 534 2638 fortunam
546 2588 648 2637 suam
666 2565 874 2659 secundam,
887 2591 964 2663 quae
978 2569 1027 2641 ita
1042 2573 1167 2668 coeptis

99 2684 172 2755 suis
195 2685 358 2756 arriserat
380 2698 416 2756 et
440 2682 488 2755 ad
509 2697 633 2755 caetera
654 2682 907 2779 consequenda
928 2708 995 2781 pro
1013 2699 1098 2758 voto
1123 2712 1166 2761 ac

99 2797 277 2872 desiderio
301 2823 368 2872 suo
395 2799 490 2872 viam
518 2797 818 2895 expeditissimam
846 2812 1039 2872 ostentasse
1067 2801 1165 2875 vide·

98 2915 220 3006 batur,
239 2917 386 2988 minime
403 2940 464 2988 rex
490 2914 593 2986 luerit
611 2929 837 3012 prosecutus,
856 2928 938 2987 non·
948 2916 1055 2988 aliam
1079 2943 1163 2994 cau·

98 3056 177 3104 sam
191 3032 377 3130 imaginari
393 3056 455 3103 seu
467 3031 621 3126 cogitare
633 3054 833 3128 possumus,
846 3031 914 3103 nisi
930 3033 1029 3128 quod
1042 3033 1164 3109 divina

97 3148 212 3244 pietas
232 3161 269 3219 et
292 3145 499 3238 clementia,
518 3145 586 3242 piis
612 3144 815 3241 aliquorum
840 3146 1053 3220 devotorum
1077 3148 1164 3224 lide-

96 3262 188 3335 lium
201 3263 331 3336 inflexa
346 3259 665 3362 supplicationibus
679 3276 715 3333 et
733 3262 898 3361 precibus
915 3265 1015 3362 (qui,
1033 3270 1160 3364 procul

96 3376 225 3472 dubio,
243 3377 363 3479 plures
375 3390 458 3448 sunt
477 3374 631 3447 interris
648 3375 744 3472 illis),
763 3401 864 3448 suam
878 3378 1160 3474 indignationem

96 3493 144 3567 ab
169 3493 222 3565 cis
247 3507 335 3564 tunc
356 3490 511 3583 avertit¹‚
533 3491 866 3588 praeservaveritque
890 3517 936 3564 ne
958 3491 1025 3565 sub
1048 3495 1160 3571 bostis

97 3612 149 3683 sui
176 3623 387 3708 potestatem
416 3606 636 3679 devenirent.
660 3604 734 3677 Sub
756 3631 829 3704 quo
858 3609 1090 3683 verisimiliter
1115 3640 1158 3686 ex

97 3728 158 3800 illo
176 3723 428 3798 florentissimo
452 3746 573 3794 rerum
595 3735 687 3794 statu
711 3736 817 3820 atque
843 3722 985 3821 opibus,
1009 3727 1046 3798 in
1069 3753 1157 3825 quas

96 3840 163 3913 sub
185 3837 422 3914 anterioribus
442 3835 663 3936 principibus
687 3837 759 3909 suis
776 3854 1004 3912 excreverant
1022 3857 1058 3914 et
1074 3868 1157 3941 pro-

95 3959 187 4030 vecti
204 3970 324 4050 erant,
345 3956 383 4028 in
403 3977 550 4052 magnas
565 3954 742 4049 miserias,
763 3955 884 4034 ruinas
900 3971 1006 4059 atque
1024 3978 1157 4061 paupe.

95 4076 184 4148 riem
196 4090 390 4146 extremam
408 4070 647 4145 defluxissent.
764 4095 768 4102 ·

136 4265 165 4321 l.
187 4260 283 4319 l’lutdt
296 4267 435 4316 averterit.
