2946 5070
592 492 702 553 amru
721 492 874 550 smus.
1223 489 1267 547 bd·

250 627 343 699 Cum
360 648 445 697 vero
460 649 524 697 rex
537 637 628 697 esset
646 621 820 715 Atrebati,
839 622 902 695 ubi
916 637 952 695 et
968 645 1173 721 per-omnes
1193 637 1262 696 ter-

199 764 258 815 ras
272 742 412 816 Artesiae
432 755 470 814 et
482 742 622 815 Pontivi
641 741 922 816 numerosiorem
938 739 1050 813 multo
1067 737 1263 837 melimque

200 859 309 930 armis
332 859 543 931 instructum
564 859 757 931 exercitum
777 859 1025 957 expeditorum
1040 856 1200 953 equitum
1221 881 1277 932 ac2

199 973 363 1073 peditum
387 974 539 1048 effusum
562 973 735 1061 baberet,
758 999 833 1046 non
853 989 974 1049 tamen
993 998 1099 1048 ausus
1119 986 1173 1045 est
1198 997 1264 1044 ne-

199 1114 272 1187 que
291 1090 482 1164 consilium
504 1104 567 1163 aut
586 1091 727 1165 animus
748 1090 817 1162 sibi
833 1090 918 1183 suit,
941 1088 1088 1187 aliquod
1110 1085 1263 1186 oppido-

198 1229 282 1280 rum
305 1206 407 1280 ducis
424 1205 614 1281 obsidione
632 1207 764 1280 vallare
781 1220 843 1279 aut
861 1207 969 1283 armis
987 1203 1131 1302 aggredi
1154 1204 1264 1304 expu-

200 1347 326 1419 gnare,
341 1347 384 1395 ex
399 1348 444 1397 eo
460 1338 636 1422 tempore,
652 1347 725 1421 quo
738 1322 869 1398 ducem
882 1323 930 1397 ad
946 1336 1106 1422 patentes
1119 1345 1278 1420 campos·-

199 1439 325 1512 exiisse
340 1439 522 1535 cognovit

250 1554 438 1628 Paululum
456 1552 623 1653 equidem
630 1576 703 1653 *per
721 1569 826 1629 antea
840 1555 926 1651 regii
941 1552 1155 1654 oppidulum
1172 1556 1265 1626 Con·

201 1669 326 1761 datram
335 1671 534 1744 Hannoniae
547 1669 758 1756 brevissima
771 1669 973 1758 obsidione,
990 1695 1076 1743 cum
1082 1670 1266 1743 nonnullis

200 1786 321 1882 parvis
338 1786 510 1873 castellis,
537 1785 584 1859 ad
613 1783 835 1858 deditionem
857 1785 1059 1859 faciendam
1083 1785 1267 1883 compule-

202 1916 284 1974 rant
295 1909 318 1973 ¹.
338 1900 408 1974 Sed
425 1926 536 2002 quam
556 1904 715 2001 primum
731 1917 980 1998 cognoverunt
996 1900 1127 1974 ducem
1141 1925 1184 1973 er
1201 1927 1269 2001 op-

200 2019 289 2118 pido
305 2021 482 2095 Montium
498 2020 722 2110 Hannoniae²,
738 2018 801 2091 ubi
814 2044 894 2093 suas
910 2021 1032 2118 copias
1045 2035 1265 2116 aggregarat,

201 2152 317 2231 eastra
339 2161 507 2226 movere,
533 2138 657 2212 Franci
686 2138 748 2234 qui
766 2135 919 2210 Condati
937 2152 1200 2226 remanserant,
1222 2137 1285 2209 de-

201 2254 274 2325 loci
293 2253 500 2326 defensione
519 2253 649 2347 diffisi,
673 2253 798 2327 relicto
819 2253 956 2351 oppido
981 2269 1017 2326 et
1040 2254 1077 2325 in
1096 2268 1197 2352 parte
1215 2254 1272 2324 in·

200 2395 311 2445 censo
328 2383 436 2466 atque
452 2368 606 2468 direpto,
621 2369 799 2454 abierunt.
816 2373 859 2440 Et
872 2369 1033 2441 similiter
1043 2369 1112 2441 alia
1126 2369 1268 2441 castella

200 2498 238 2557 et
261 2509 373 2574 arces,
401 2509 491 2582 quas
518 2487 685 2584 proximo
710 2501 793 2559 ante
816 2500 1036 2584 receperant,
1055 2500 1264 2558 vacuarunt.

253 2604 337 2673 Post
357 2597 450 2690 hoc,
473 2600 525 2672 uti
548 2599 723 2690 diximus,
742 2599 950 2691 venit-dur,
974 2615 1011 2672 et
1026 2600 1128 2695 juxta
1145 2599 1268 2671 villam

202 2715 289 2793 dicti
313 2715 633 2790 Pontis-Avendiui
652 2731 768 2790 castra
784 2731 936 2790 metatus
952 2714 1045 2815 [est].
1070 2718 1162 2808 Qui,
1183 2742 1268 2789 cum

202 2833 355 2907 videret⁸
373 2831 530 2905 Atrebati
556 2857 675 2928 regem
701 2833 799 2905 velut
823 2833 1047 2923 delitescere,
1075 2857 1142 2905 nec
1167 2832 1268 2905 dimi·

203 2947 311 3022 candi
332 2950 371 3021 in
391 2949 511 3048 palam
535 2962 571 3022 et
591 2949 721 3046 patulis
744 2949 880 3048 campis
902 2948 1019 3021 facere
1035 2948 1197 3046 copiam,
1215 2949 1268 3020 uti

203 3064 300 3138 sama
325 3064 516 3157 ferebatur,
543 3091 628 3138 eum
652 3088 759 3138 ausus
786 3079 839 3136 est
865 3089 930 3163 per
959 3066 1196 3137 internuntios
1221 3065 1269 3138 ad

203 3196 385 3254 certamen
399 3205 614 3280 provocare,
635 3180 730 3252 etad
743 3181 907 3279 proelium
924 3181 1087 3278 patulum
1103 3205 1266 3275 evocare,

203 3311 240 3368 et
277 3295 340 3393 (ut
372 3296 479 3392 vulgo
512 3295 584 3368 dici
620 3296 734 3393 solet)
772 3294 949 3370 diffidere.
987 3296 1058 3369 Sed
1092 3294 1269 3394 quidquid

203 3409 291 3484 inde
319 3411 435 3506 suerit,
463 3438 523 3488 rex
546 3414 669 3510 copias
697 3403 798 3506 suas,
823 3413 907 3486 licet
925 3413 1098 3487 maximas
1126 3427 1163 3485 et
1183 3411 1270 3484 vali·

204 3527 369 3602 dissimas
391 3527 574 3621 haberer,
599 3527 799 3627 perieulum
824 3529 1027 3603 certaminis
1049 3553 1124 3601 non
1152 3527 1269 3601 existi·

247 3774 277 3829 l.
300 3769 414 3846 conde,
429 3769 538 3850 assiege
551 3789 604 3851 par
623 3771 650 3830 le
665 3769 709 3832 roi
728 3789 765 3832 en
781 3789 941 3851 personne,
959 3790 991 3831 se
1001 3771 1099 3834 rendit
1114 3771 1142 3832 le
1157 3775 1198 3832 l·'
1212 3769 1270 3831 mai

208 3866 297 3922 itta.

246 3960 278 4017 2.
299 3961 383 4017 llons
395 3977 432 4017 en
446 3958 583 4017 Hainaut.

249 4054 278 4110 3.
302 4054 332 4105 V
330 4054 439 4110 iderent
454 4052 525 4111 dans
538 4053 566 4112 le
579 4072 633 4112 ms.

249 4149 278 4204 l.
300 4146 381 4203 Trois
395 4147 473 4204 mille
487 4147 582 4207 lances
596 4159 624 4206 et
637 4146 742 4224 quinae
753 4146 832 4208 mille
844 4147 1081 4220 francs-archeta,
1091 4146 1172 4206 selon
1186 4146 1268 4206 uou-

210 4250 277 4314 uet,
294 4250 316 4301 t,
331 4240 379 4312 ll,
393 4240 442 4298 ch.
457 4259 505 4298 tx.
