2946 5070
213 465 270 523 lbd
485 465 742 525 nlswttltatttt
760 468 938 527 LUDOVlCI
958 469 1001 526 xt

260 602 352 670 Cum
370 613 489 670 autem
507 599 659 671 multum
682 600 749 673 sibi
768 600 931 674 riderent
957 617 1206 702 opportunum
1226 605 1270 678 ad

210 713 488 812 expugnandum
507 715 704 808 civitatem,
729 717 757 787 si
776 716 1055 810 suburbanum,
1080 719 1272 816 quoderat

210 829 257 903 ad
283 845 423 929 portam
447 855 512 928 per
540 855 649 929 quarn
677 832 986 906 Amsterodamum
1008 835 1095 906 itur¹
1113 836 1268 932 navigio,

211 962 354 1045 possent
369 948 565 1044 acquirere,
586 947 632 1019 ad
644 947 732 1019 illud
748 949 1027 1047 expugnandum
1041 952 1180 1046 magnis
1195 953 1271 1023 viri·

210 1063 279 1135 bus
304 1061 546 1134 intenderunt.
569 1067 653 1134 Erat
669 1063 815 1160 quidem
835 1065 936 1137 sossis
952 1079 988 1137 et
1002 1087 1097 1163 aqua
1113 1067 1271 1165 undique

210 1180 366 1251 cinctum
384 1192 420 1251 et
432 1203 602 1274 magnum
619 1194 725 1276 atque
742 1180 978 1279 poptdosum,
994 1180 1271 1281 obsemrantqne

211 1295 328 1368 aditus
352 1294 480 1367 accolae
505 1295 575 1365 loci
598 1296 710 1393 portis
726 1309 761 1365 et
784 1296 976 1393 repagulis,
1000 1321 1065 1394 per
1091 1300 1202 1394 qu0s⁸
1222 1299 1271 1370 in·

211 1436 348 1508 gressus
364 1412 401 1481 in
420 1411 536 1507 ipsum
553 1411 732 1509 patuisset.
752 1412 868 1483 Semel
883 1436 1041 1508 quoque,
1061 1413 1162 1484 initio
1175 1413 1271 1487 obsi-

211 1526 346 1618 dionis,
366 1551 450 1597 cum
472 1525 673 1599 obsessores
700 1538 892 1598 tentassent
912 1528 1029 1624 ipsum
1054 1527 1268 1627 irrumpere,

211 1667 286 1734 eos,
298 1643 459 1741 apposita
475 1640 590 1713 valida
604 1639 824 1730 defensione,
841 1640 1115 1729 submoverant,
1130 1659 1167 1715 et
1178 1646 1271 1718 caesis

212 1784 253 1830 ex
272 1759 356 1856 ipsis
370 1758 545 1856 plurimis,
564 1757 690 1852 reliqui
706 1755 913 1851 effugerant.
933 1760 1046 1830 Porro
1068 1760 1189 1857 ipsum
1212 1761 1270 1833 de·

212 1899 287 1946 nuo
308 1898 509 1973 expugnare
529 1873 646 1946 adorti
665 1872 803 1968 magnis
816 1866 979 1965 uiribus,
1000 1891 1268 1973 expugnarunt,

212 2015 278 2061 nec
292 2003 496 2088 potuerunt,
513 1989 574 2086 qui
590 1986 637 2060 ad
651 1988 768 2084 ipsum
782 1986 972 2058 tutandum
986 1988 1057 2060 illic
1070 1988 1268 2077 adstabant,

212 2099 364 2199 amplius
376 2100 493 2198 ipsum
509 2122 667 2190 servare,
683 2096 745 2169 sed
760 2098 868 2170 misso
884 2100 921 2171 in
941 2101 1124 2172 nonnullis
1138 2100 1271 2173 aedibus

211 2214 394 2305 incendio,
413 2240 491 2313 quae
505 2240 618 2313 prope
633 2239 758 2286 omnes
772 2214 1001 2287 straminibus
1015 2215 1073 2287 vel
1089 2216 1270 2288 arundini·

211 2330 280 2401 bus
309 2345 411 2402 erant
442 2345 640 2428 coopertae,
665 2329 796 2428 quibus
822 2332 1027 2430 tempestive
1058 2331 1131 2404 hoc
1162 2332 1271 2405 lacere

212 2448 326 2536 licuit,
352 2445 398 2519 ad
420 2437 599 2518 civitatem
619 2446 809 2543 fugientes,
835 2471 910 2519 sese
926 2447 997 2520 illio
1013 2468 1226 2549 receperunt
1239 2469 1272 2528 et

90 2566 98 2574 ’
211 2565 258 2638 ad
274 2590 354 2638 eam
371 2590 438 2664 pro
459 2565 570 2636 salute
587 2563 720 2636 tuenda
744 2563 994 2660 confugerunt.
1023 2572 1183 2642 Fuerunt
1206 2596 1271 2645 au·

212 2697 283 2753 tem
297 2683 333 2753 in
345 2682 405 2754 illo
417 2681 609 2754 certamine
622 2681 715 2752 ultro
727 2680 888 2779 citroque
899 2684 1065 2755 nonnulli
1076 2689 1268 2787 perempti;

211 2796 369 2896 ettquod
386 2821 459 2869 non
473 2820 600 2895 parum
616 2795 830 2867 damnosum
842 2796 995 2896 principi
1007 2798 1085 2890 suit,
1100 2803 1271 2900 terrisque

211 2917 284 2987 suis
311 2914 527 3002 Hollandiae,
560 2912 692 3010 quibus
721 2911 884 3008 regendis
907 2929 1014 3011 atque
1042 2917 1271 2991 moderandis

213 3034 306 3104 vices
322 3031 491 3129 principis
508 3029 680 3127 gerebat),
697 3029 819 3126 paucis
831 3045 914 3128 post
925 3030 1133 3128 hujusmodi
1150 3035 1271 3108 subur·

211 3146 296 3218 bani
332 3146 631 3246 expugnationem
662 3143 807 3233 diebus,
839 3145 904 3217 fuit
932 3147 1003 3219 illic
1034 3149 1132 3244 jactu
1168 3153 1271 3223 unius

211 3262 465 3337 bombardellae
482 3276 686 3361 peremptus
701 3261 870 3334 dominus
883 3267 901 3334 J
904 3264 1041 3336 udocus
1051 3265 1096 3337 de
1104 3267 1267 3367 Lalaing,

212 3379 342 3452 nobilis
367 3380 468 3454 miles
495 3404 539 3451 ex
557 3378 767 3470 Haunouia,
801 3380 856 3450 vir
881 3382 1040 3479 prudens
1069 3399 1178 3479 atque
1205 3384 1269 3456 ho·

213 3498 363 3567 nestus⁸.

252 3749 281 3803 l.
304 3749 343 3803 Le
356 3747 463 3802 Waert.

251 3841 280 3895 2.
303 3842 350 3898 Sic
363 3836 464 3895 Matth.
477 3840 554 3894 Dans
566 3836 594 3894 le
610 3854 664 3892 ms.
677 3856 826 3913 perquam
837 3843 1058 3898 Amstemdamis
1074 3845 1130 3903 iter
1148 3852 1265 3924 nauigio.

252 3935 280 3989 3.
305 3936 356 3989 lls.
374 3951 447 4008 qum·
464 3930 615 3987 llattltaeus
627 3951 715 4006 qrms5
731 3930 801 3991 mais
812 3931 831 3988 il
846 3933 926 4012 s'agit
942 3933 978 3992 de
991 3938 1097 3996 orliens.

252 4029 280 4083 b.
304 4028 377 4100 Voy.
400 4022 556 4095 ci-dessus‚
576 4044 606 4102 p.
622 4026 671 4083 93,
691 4050 704 4076 ι
720 4023 810 4083 Ceulx
825 4024 860 4083 de
879 4027 906 4084 la
924 4029 1054 4087 muraille
1073 4030 1100 4089 le
1121 4033 1267 4111 congnois·

211 4118 303 4177 soient
321 4118 524 4176 aulcunernent
541 4117 656 4177 beause
672 4117 742 4195 qu'il
758 4120 836 4177 avoit
851 4121 958 4201 longue
978 4122 1053 4182 suite
1067 4137 1096 4183 et
1108 4127 1218 4204 portoit
1235 4126 1268 4184 de

211 4224 360 4272 coustume
380 4231 438 4290 ung
462 4212 568 4271 mantel
593 4208 780 4288 d'escarlate3
798 4213 893 4292 lequel
910 4217 1029 4276 messire
1053 4222 1137 4280 losse
1155 4221 1268 4280 roulant
