2896 5070
596 476 704 531 LIBER
723 472 874 532 smus.
944 466 946 473 ’

543 739 797 813 CAPiTULUM
822 743 897 809 XX.

210 941 238 993 Dr
251 941 355 997 exordio
374 940 533 1014 gravissima
552 937 688 992 seditionis
704 948 784 1007 atque
802 936 972 1003 calamitatis,
992 953 1050 1006 qun
1069 931 1132 986 inde
1154 932 1254 987 civitati

234 1026 383 1097 Trrjectensi
396 1023 538 1096 provenit;
551 1035 576 1074 et
589 1020 623 1074 de
635 1019 758 1092 captione
769 1018 863 1092 oppidi
876 1018 978 1088 leidis,
993 1019 1020 1072 in
1035 1016 1177 1084 Hailandia
1184 1057 1193 1084 ,
1206 1035 1253 1088 per

233 1112 323 1165 exsules
334 1109 513 1175 Hoeckenses,
525 1120 552 1162 et
562 1104 680 1179 ejusdem
693 1104 892 1178 recuperatione
900 1105 922 1160 ¹.

243 1271 316 1339 Nou
332 1266 442 1338 etiam
457 1263 673 1337 arbitramur
690 1263 829 1334 silentio
848 1260 1156 1361 praetereundum’
1172 1261 1252 1332 tris·

207 1395 262 1454 tem
298 1397 335 1455 et
361 1381 554 1454 infaustum
591 1393 758 1451 eventum
788 1380 1014 1451 tumultuosae
1048 1377 1250 1469 seditionis,

202 1521 265 1595 que.
285 1523 328 1570 ea
357 1509 563 1596 tempestate
588 1495 754 1589 eontigit⁸
774 1495 969 1567 incivitate
993 1493 1249 1590 Trajecteuse‘‚

201 1637 295 1711 mem
313 1628 402 1686 tunc
418 1612 484 1712 ipsi
502 1610 758 1683 incolebamus.
1105 1607 1114 1633 ⁸

234 1734 284 1802 Ea
300 1729 428 1802 civitas
448 1741 555 1826 caput
572 1727 660 1799 olim
680 1742 716 1797 et
739 1727 836 1798 velut
858 1742 970 1799 mater
988 1724 1118 1797 exstitit
1145 1726 1252 1797 totius

197 1845 318 1939 bisiae,
337 1859 375 1917 et
393 1844 451 1917 his
467 1842 586 1915 adhuc
599 1841 834 1940 temporibus,
850 1844 886 1913 in
905 1839 1144 1941 spiritualibus
1159 1866 1253 1940 pon·

195 1960 265 2034 tifex
282 1977 320 2033 et
337 1961 505 2061 princeps
522 1988 540 2027 «
560 1959 734 2030 residem
756 1959 947 2030 homiuum
969 1958 1169 2053 Christique
1194 1983 1252 2030 sa·

193 2077 310 2151 cerdos
330 2108 350 2144 a
368 2076 530 2173 ejusdem
552 2077 668 2148 Frisiae
684 2090 791 2172 atque
814 2075 1011 2147 Hollandiae
1027 2076 1252 2174 praesulatum

191 2205 300 2286 unet,
329 2194 444 2266 latum
468 2193 576 2265 etiam
603 2191 740 2264 habens
764 2193 952 2290 proprium
978 2205 1014 2263 et
1035 2191 1251 2290 peculiarem

191 2311 426 2409 principatum
450 2308 644 2409 episcopali
670 2309 906 2404 conjunctum
930 2308 1107 2404 dignitati.
1140 2309 1252 2407 ipsius

190 2425 335 2517 civitatis
352 2424 483 2496 accolae
499 2422 710 2522 abantiquo
728 2438 993 2496 consueverunt
1010 2426 1098 2496 iuter
1114 2448 1151 2495 se
1167 2424 1252 2495 civi·

190 2540 232 2614 les
251 2542 505 2614 contentiones
526 2564 690 2613 exercere
713 2556 749 2612 et
771 2540 923 2634 habere,
942 2540 1251 2638 quemadmodum

189 2659 284 2756 plura
301 2660 397 2731 inter
409 2681 484 2730 sese
500 2658 609 2730 etiam
625 2656 760 2729 habeut
776 2658 910 2756 oppida
927 2673 964 2731 et
972 2654 1151 2757 oppidani
1168 2658 1252 2729 Hol-

188 2771 309 2847 iandiae
337 2787 444 2869 atque
474 2773 672 2844 vicinarum
702 2787 897 2860 terrarum;
925 2797 1004 2868 quae
1030 2774 1245 2860 intantum,

189 2904 397 2986 procurante
419 2891 567 2962 inimico
594 2887 803 2980 bominum,
829 2904 946 2964 satore
974 2891 1192 2963 zizaniomm
1214 2907 1250 2962 et

189 3005 462 3096 discordiarum,
480 3006 518 3078 in
537 3007 638 3079 terris
657 3005 725 3077 illis
745 3005 946 3098 invaluere,
968 3019 1008 3076 ut
1023 3006 1249 3079 acerbissima

190 3145 294 3220 taque
312 3138 350 3196 et
362 3121 721 3225 pane-implacabilia
736 3122 821 3195 odia
836 3123 1093 3221 processerint,
1114 3121 1248 3196 nedum

189 3237 271 3311 inter
293 3264 332 3312 se
353 3239 571 3338 oppidorum
590 3253 651 3312 aut
668 3240 775 3311 unius
791 3238 916 3336 oppidi
933 3239 1067 3310 civium
1080 3243 1103 3333 ⁸,
1123 3265 1248 3312 verum

190 3355 285 3427 etiam
315 3357 408 3427 inter
434 3356 538 3427 unius
563 3355 693 3427 domus
720 3370 756 3426 et
779 3353 919 3426 iamiliae
940 3354 1249 3452 conjunctissimas

190 3494 364 3565 personas.
382 3477 443 3545 Est
451 3475 548 3546 enim
563 3472 765 3548 iilic-videre
780 3486 919 3570 patrem
931 3471 1101 3544 adversus
1113 3471 1245 3568 filium,

224 3668 249 3725 i.
271 3666 407 3746 Clnpitre
417 3667 550 3746 imprime
564 3666 636 3725 dans
649 3667 853 3743 l'AmpIt'ssima
861 3669 997 3740 collectio,
1011 3677 1033 3723 t.
1044 3668 1094 3738 IV,
1106 3665 1163 3724 col.
1176 3667 1246 3737 793,

192 3758 293 3818 ctdans
305 3761 348 3819 les
362 3763 502 3818 Analecta
514 3761 551 3819 de
564 3760 725 3833 Matthaeus,
743 3773 764 3819 t.
778 3763 823 3832 11,
837 3780 869 3839 p.
886 3763 956 3821 145.

224 3855 250 3910 2.
272 3853 435 3924 Matthaeus,
449 3858 731 3931 pretermittendum,
746 3874 812 3913 sans
825 3856 867 3914 les
881 3854 1021 3935 epithbtes
1035 3861 1142 3912 tristem
1154 3869 1181 3910 et
1199 3861 1248 3910 in·

194 3943 259 4012 [aaut
308 3991 316 4006 .

227 4044 250 4101 ³.
272 4045 435 4118 Matthaeus,
454 4045 649 4124 grassabatur.

226 4137 251 4195 t.
272 4139 404 4197 Utrecht.

229 4231 252 4289 t.
273 4233 435 4305 Matthaeus,
450 4237 531 4294 cives.
