2946 5070
201 469 257 526 tat
469 470 726 527 mstoltutttttt
747 470 987 533 wnovlc1x1

511 734 768 805 CllPlTULUlll
800 737 939 805 XXXlI.

200 939 240 989 De
253 938 368 989 censuris
379 936 528 1008 apostolicis
543 949 568 989 et
579 936 726 991 interdictis
737 939 764 990 in
775 938 883 991 rebelles
894 938 1075 1009 Trajertenses
1086 950 1113 990 et
1123 951 1193 990 certa
1202 939 1256 990 loce

234 1028 415 1099 promulgatis,
427 1045 492 1098 quas
503 1045 557 1080 non
576 1028 710 1081 observari
725 1048 741 1081 a
759 1029 839 1094 clero,
851 1027 897 1081 sed
910 1029 1043 1082 contemni
1055 1045 1164 1100 coegere
1179 1026 1255 1081 iidem

233 1111 342 1164 rebelles
354 1113 373 1163 ¹,

248 1285 366 1357 Mense
390 1296 510 1354 autem
535 1298 704 1378 augusto,
733 1306 832 1355 anuo
853 1305 1087 1356 ucccouxxxn
1111 1280 1255 1353 allatum

202 1412 253 1470 est
285 1399 519 1495 apostolicum
550 1399 804 1490 monitorium,
837 1413 1051 1496 procurante
1087 1397 1255 1495 episcopo

197 1513 427 1610 Trajectensi,
448 1538 521 1609 quo
538 1514 779 1587 monebantur
805 1514 921 1587 dictus
947 1513 1205 1610 Enghelbertus
1224 1529 1256 1585 et

198 1627 325 1723 singuli
346 1627 391 1699 de
418 1628 604 1701 consulatu
632 1629 781 1701 civitatis
805 1630 1057 1726 Trajectensis,
1083 1642 1256 1723 quatenus

167 1816 180 1827 ,
198 1739 296 1814 bona
309 1743 476 1842 episcopo
493 1744 707 1842 spectantia,
727 1768 806 1840 quae
819 1758 944 1815 contra
956 1744 1014 1840 jus
1032 1756 1069 1821 et
1085 1741 1140 1813 fas
1155 1765 1257 1813 occu·

198 1874 344 1956 parant,
370 1858 486 1931 eidem
505 1860 675 1958 episcopo
691 1861 913 1931 restituerent
928 1873 962 1929 et
984 1855 1253 1946 contraderent,

198 1975 322 2071 eique,
347 1990 520 2073 tanquam
537 1975 687 2047 domino
707 1989 743 2045 et
757 1975 892 2074 pastori
910 1997 994 2065 suo,
1013 1985 1201 2071 parerent,
1222 1987 1256 2044 et

197 2092 291 2163 cives
307 2091 451 2189 locique
472 2091 601 2164 accolae
616 2091 775 2163 similiter
793 2119 801 2163 ς
822 2090 999 2186 alioquin,
1027 2087 1136 2186 lapsis
1156 2088 1256 2160 certis

198 2203 342 2297 diebus,
365 2211 429 2302 qui
454 2208 644 2278 monitioni
667 2230 792 2306 parere
816 2205 1087 2295 detrectassent,
1117 2226 1256 2274 excom·

198 2320 431 2392 municationi
460 2335 496 2392 et
515 2321 732 2393 anathemati
755 2321 1013 2395 subdebantur.
1040 2322 1162 2406 Quam
1176 2317 1256 2390 cen·

198 2458 317 2507 suram
333 2436 441 2534 siper
457 2450 526 2507 tres
542 2437 773 2535 postmodum
786 2437 862 2509 dies
878 2435 1105 2536 pertinaciter
1119 2450 1157 2506 et
1171 2457 1254 2505 con·

198 2551 385 2622 tornaciter
418 2552 650 2646 sustinerent,
682 2578 725 2623 ex
757 2567 843 2624 tunc
867 2553 989 2624 civitas
1018 2549 1253 2622 ecclesiastico

197 2666 467 2764 supponebatur
488 2667 677 2740 interdicto
695 2682 730 2740 et
743 2667 902 2740 similiter
921 2666 1097 2764 oppidum
1118 2669 1254 2736 Amers·

197 2781 319 2854 fordiae
330 2785 353 2854 ¹.

245 2901 336 2973 Huic
361 2901 505 2999 quidem
537 2902 727 2973 monitioni
754 2902 856 2973 initio
885 2897 1161 2995 Enghelbertus,
1190 2898 1253 2969 nisi

69 3013 70 3018 ’
196 3017 401 3113 iniquorum
418 3017 535 3088 suisset
549 3017 760 3114 depravatus
769 3016 932 3104 consili0,
943 3011 1205 3113 protestabatur
1218 3037 1253 3084 se

197 3131 405 3204 obedienter
426 3157 552 3230 ⁸parere
568 3134 677 3222 velle,
698 3147 733 3205 et
763 3130 964 3229 episcopale
987 3129 1160 3227 palatium
1179 3151 1253 3199 eva·

197 3273 302 3320 coare
321 3249 428 3339 velle,
451 3274 667 3346 omnemque
689 3248 848 3343 ejusdem
867 3245 1121 3344 supellectilem
1143 3240 1253 3343 probe

197 3365 451 3455 restituturum,
467 3379 514 3454 et,
530 3365 558 3437 si
573 3365 660 3462 quid
673 3363 756 3436 inde
767 3362 821 3434 vel
834 3361 1025 3460 perditum,
1036 3358 1093 3432 vel
1107 3358 1253 3432 deterio-

196 3495 312 3552 ratum
327 3481 432 3570 foret,
451 3481 574 3553 omnia
586 3479 704 3552 debite
719 3494 756 3550 et
771 3477 985 3551 sufficienter
994 3475 1248 3574 suppleturum.

197 3595 266 3667 Sed
291 3621 372 3667 cum
390 3597 427 3669 id
452 3597 607 3694 primurn
634 3594 807 3666 facturum
829 3608 865 3665 et
894 3592 1124 3690 impleturum
1140 3590 1252 3661 luisset

196 3709 388 3807 pollicituS,
406 3711 491 3783 dolo
506 3710 612 3808 paulo
629 3725 708 3807 post
721 3709 857 3779 Inimici
870 3706 1032 3813 ,hominis
1047 3705 1252 3802 impiorum·

237 3949 264 4002 l.
288 3945 420 4024 Chapitre
430 3941 528 4023 publici
541 3943 612 4001 dans
626 3943 666 4000 les
678 3945 813 3997 Arabeta
828 3940 864 3997 de
878 3939 1026 3998 Matthaeus
1040 3949 1070 3994 et
1082 3935 1154 3994 dans
1166 3936 1250 3993 l'Am·

191 4042 324 4112 plissimu
336 4042 469 4097 collectio.

236 4132 264 4187 2.
288 4135 328 4188 Ie
355 4143 431 4189 texte
457 4130 494 4188 de
519 4142 593 4188 cette
615 4127 692 4186 bulle
719 4142 761 4186 est
789 4127 860 4185 dans
887 4123 1032 4183 l'llistoire
1056 4123 1107 4181 des
1131 4123 1249 4197 eveques

196 4223 344 4283 d'Utreebt
358 4223 394 4281 de
408 4222 570 4282 Guillaume
587 4221 686 4304 Reda„
701 4241 732 4300 p.
749 4223 806 4279 297
825 4219 861 4277 de
881 4217 1009 4278 t‘estition
1030 4216 1066 4274 de
1090 4214 1247 4274 Bucbelius.
