2946 5070
602 496 712 551 LIBER
733 496 885 554 SEXTUS.
1217 498 1272 557 ist

212 626 349 698 clerum
370 642 410 699 ut
424 652 495 701 suae
515 628 704 724 interjecta
726 628 976 726 appellationi,
995 627 1041 700 de
1056 652 1128 725 qua
1142 653 1271 727 supra,

212 741 392 815 adhaerere
407 744 548 817 vellent.
568 742 638 814 Sed
654 767 736 815 cum
747 743 942 842 prudenter
953 744 1275 820 aniladvertercnt

211 857 312 955 quod
328 858 575 957 hujuscemodi
591 858 782 958 appellatio
803 860 943 957 dejure
967 860 1168 934 nullatenus
1191 861 1274 934 sub·

209 974 331 1047 sistere
349 990 489 1073 posset,
519 975 687 1073 quodque
708 975 820 1049 multa
839 976 1016 1075 probrosa
1041 992 1077 1049 et
1099 977 1217 1076 turpia
1235 978 1271 1049 in

209 1112 316 1161 mum
329 1091 430 1187 pium
442 1090 649 1187 pontificem
661 1088 708 1161 ab
722 1089 875 1163 inimicis
890 1091 1110 1164 mendaciter
1117 1090 1272 1165 conficta

208 1207 429 1297 contineret,
465 1207 563 1280 nullo
597 1220 703 1305 pacto
724 1206 841 1280 eidem
866 1232 903 1279 se
925 1207 1129 1280 adhaesuros
1154 1208 1272 1280 firma·

207 1336 348 1394 verunt.

516 1556 773 1626 CAPlTULUM
798 1557 952 1624 XXXlll.

242 1744 282 1795 De
295 1760 361 1814 pace
375 1742 439 1796 inita
454 1743 521 1795 iuter
535 1743 713 1808 Ludoricum,
729 1743 846 1796 Francia·
858 1762 956 1815 regem,
970 1755 995 1796 et
1011 1743 1230 1806 Maximilianum,

611 1824 724 1882 Austrise
735 1827 830 1882 ducem
843 1829 863 1884 ⁸.

255 1993 324 2061 Pax
341 1990 460 2086 igitur,
475 2006 515 2061 ut
530 1989 757 2088 praediximus
764 1995 787 2084 ¹,
804 2006 840 2062 et
855 1989 1017 2082 amicitiae
1031 1987 1163 2060 foedera
1176 1990 1268 2062 inter

203 2127 325 2200 regem
349 2110 586 2199 Francorum,
614 2109 652 2178 in
679 2132 752 2204 quo
775 2122 887 2180 totam
917 2129 1017 2205 paene
1043 2129 1142 2203 spem
1165 2131 1266 2180 suam

203 2219 307 2294 initio
331 2221 566 2319 Trajectenses
593 2224 742 2297 rebelles
768 2237 1020 2323 reposuerant,
1052 2237 1089 2294 et
1109 2224 1268 2296 Maximi·

202 2334 360 2429 hnum,
391 2339 535 2410 Austriae
561 2339 710 2430 ducem,
737 2339 883 2436 ejusque
913 2336 1066 2431 liberos,
1093 2351 1201 2410 terras
1223 2363 1266 2412 ac

202 2450 383 2540 dominia,
406 2452 545 2528 firmata
565 2471 664 2548 sunt,
685 2480 748 2554 per
765 2455 924 2528 medium
948 2453 1211 2555 sponsaliorum
1231 2470 1265 2527 et

202 2569 399 2666 conjugalis
414 2571 622 2669 perficiendi
639 2571 780 2644 loederis
793 2572 886 2644 iuter
897 2570 1071 2644 delfinum
1084 2571 1264 2642 Viennen-

201 2709 299 2779 sem,
319 2686 479 2782 ejusdem
494 2689 585 2783 regis
603 2687 716 2759 filium
733 2689 895 2780 unicum,
915 2703 950 2760 et
967 2687 1155 2760 dominam
1170 2690 1262 2759 Mar·

202 2815 377 2896 gaietam,
405 2802 514 2875 filiam
534 2804 620 2876 dicti
636 2805 864 2877 Maximillam
883 2805 1027 2876 unicam
1037 2807 1060 2874 ⁸.
1081 2805 1146 2877 Cui
1163 2802 1259 2894 filiae,

201 2941 268 3014 pro
289 2917 373 2989 dote
395 2933 431 2989 et
448 2920 614 3016 portione
629 2919 872 3009 haereditaria,
897 2944 975 3016 quae
999 2918 1106 2990 ctiam
1124 2932 1263 3017 poterat

201 3034 409 3129 contingere
430 3059 510 3108 eam
534 3061 577 3108 ex
599 3037 820 3108 successione
840 3049 1023 3128 materna,
1045 3035 1176 3108 scilicet
1195 3035 1262 3109 do·

200 3149 306 3220 minae
336 3151 475 3246 lllariae,
502 3155 614 3224 unicae
642 3152 721 3223 filiae
750 3151 893 3246 Caroli,
916 3151 1018 3224 ducis
1039 3152 1261 3248 Burgundio·

200 3289 311 3357 num,
339 3266 591 3343 defunctorum
617 3266 774 3365 (quibus
797 3267 971 3366 propitius
998 3266 1163 3364 dignetur
1186 3294 1261 3342 esse

199 3380 353 3478 Deusl),
366 3386 530 3482 assignati
544 3400 627 3458 sunt
638 3386 826 3457 comitatus
844 3383 1053 3480 Burgundiae
1069 3399 1103 3456 et
1122 3386 1260 3458 Artesiae

198 3511 312 3589 terrae,
325 3515 361 3572 et
375 3500 536 3574 dominia
554 3502 809 3574 Matisconense
820 3517 856 3574 et
872 3500 1184 3594 Autissiodorense,
1200 3504 1260 3575 Sa·

198 3614 384 3709 linamm‘,
411 3620 848 3717 Buri-supra·Sequanam
872 3616 966 3689 etde
987 3619 1159 3711 Noyers¹,
1180 3642 1257 3715 qua

166 3758 174 3770 ⁸
239 3792 270 3851 l.
292 3790 327 3849 Ni
344 3789 441 3849 letus.
457 3790 487 3848 ni
502 3788 708 3867 l'Amplr'ssima
723 3794 847 3849 collectio
863 3791 1000 3848 n'oll'rent
1023 3803 1097 3849 cette
1118 3789 1255 3860 division,

198 3902 256 3962 qne
267 3903 344 3941 nous
357 3885 515 3943 eslectnons
528 3885 643 3962 d’apres
654 3884 796 3943 l'autorite
810 3883 846 3942 de
859 3883 1020 3943 Mattheus.

236 3979 269 4036 Ξ.
290 3977 453 4050 (Nessus,
469 3999 498 4058 p.
515 3980 586 4038 120.

238 4072 268 4132 3.
290 4072 416 4150 llariage
428 4073 477 4150 qui
492 4072 571 4130 n'eut
587 4070 668 4148 point
679 4071 745 4128 lieu.

236 4168 266 4224 l.
289 4165 393 4225 Salius.
592 4157 599 4168 ’

238 4264 268 4317 5.
291 4262 399 4333 lt'yvers
409 4257 481 4315 dans
492 4259 651 4319 Mattheus.
663 4256 738 4314 cat
751 4254 819 4314 bien
833 4258 955 4334 noyers,
969 4258 1036 4335 pris
1045 4254 1083 4314 de
1094 4256 1251 4318 Tonnerre.
