2946 5070
590 539 701 595 LIBER
722 535 876 596 SEXTUS.
1210 537 1263 592 101

201 681 256 738 ter
275 665 508 764 displiceret¹.
532 670 696 754 Quomm
715 668 841 741 merito
862 667 920 764 pie
940 665 1036 737 credi
1049 676 1165 763 potest
1182 665 1269 739 divi·

202 807 287 855 nam
311 783 484 878 justitiam
495 787 519 874 ²,
541 785 730 858 clementia
754 796 1009 882 temperatam,
1031 783 1092 855 tali
1119 783 1268 857 civitatis

201 899 341 972 excidio
354 914 431 971 tum
445 901 676 999 pepercisse⁸.
839 900 842 905 ’

250 1017 330 1086 Non
345 1028 464 1086 tamen
483 1012 619 1112 absque
633 1014 791 1113 plurium
805 1038 1046 1087 aerumnarum
1066 1027 1102 1084 et
1119 1012 1266 1086 calami·

201 1145 317 1204 tanim
343 1131 490 1204 cumulo
509 1130 632 1204 civitas
650 1132 867 1229 permansit3
890 1128 953 1202 sed
972 1154 1052 1202 eam
1072 1144 1108 1202 et
1129 1130 1267 1203 caristia

201 1271 357 1321 annonae
378 1247 599 1345 aliarumque
625 1272 746 1320 rerum
769 1247 937 1319 humanis
960 1244 1084 1318 usibus
1107 1270 1267 1319 necessa·

200 1365 353 1456 riamm,
367 1376 473 1461 atque
486 1364 609 1462 inopia
626 1378 662 1435 et
674 1363 861 1464 pauperies
882 1363 1033 1458 graviter
1052 1361 1265 1435 afflixemnt.
1360 1378 1366 1390 '

201 1479 273 1567 Qui
296 1480 394 1550 enim
410 1479 573 1578 perprius
592 1479 810 1579 apostolica*
834 1479 1050 1576 patrimonia
1068 1476 1270 1550 habuerant

199 1595 255 1666 vel
282 1618 403 1668 annua
426 1596 628 1692 vectigalia,
653 1597 683 1667 si
709 1596 747 1666 in
774 1594 876 1667 terris
902 1594 1003 1665 ducis
1028 1594 1270 1668 consistebant

198 1710 281 1809 (ubi
297 1724 399 1784 erant
421 1711 557 1806 majore
572 1736 616 1782 ex
630 1711 776 1809 parte),
797 1734 881 1781 cum
897 1708 944 1781 ad
958 1708 1084 1781 fiscum
1100 1711 1269 1810 principis

200 1842 331 1901 cuncta
344 1828 513 1900 devoluta
527 1826 662 1917 forent,
679 1827 770 1899 nihil
783 1850 929 1925 prorsus
940 1824 1025 1898 inde
1037 1825 1269 1900 emolumenti

200 1940 467 2042 percipiebant3
485 1943 514 2015 si
530 1944 568 2014 in
582 1943 731 2041 proprio
744 1942 942 2034 territorio,
958 1964 1040 2013 cum
1057 1943 1179 2016 omnia
1191 1970 1269 2042 quae

199 2062 237 2134 in
255 2063 348 2158 agris
363 2074 485 2153 erant,
502 2059 640 2133 deserta
657 2075 692 2131 et
703 2059 866 2157 squalida
875 2060 1053 2156 jacerent,
1074 2061 1182 2132 etiam
1194 2061 1271 2132 nul·

199 2180 276 2255 lum
294 2180 513 2278 praediomm
526 2177 683 2249 dominis
699 2176 898 2250 afferebant
916 2175 1082 2249 solatium
1103 2177 1160 2249 rel
1176 2178 1268 2250 sruc-

199 2288 292 2368 tum.
318 2301 459 2392 ltaque,
480 2295 548 2366 nisi
571 2308 750 2367 exuetere
777 2292 952 2366 industria
978 2315 1020 2365 ac
1047 2295 1269 2392 parcimonia

200 2413 336 2511 aliquid
354 2412 421 2485 sibi
440 2426 662 2485 reservarant
685 2411 804 2509 (quod
819 2411 1006 2510 pauciores
1024 2435 1176 2483 numero
1195 2426 1268 2483 tam

200 2531 247 2603 de
260 2530 420 2623 civibus,
445 2552 555 2629 quam
577 2528 623 2601 de
644 2529 887 2601 ecclesiasticis
912 2525 1034 2601 fecisse
1060 2527 1265 2623 ferebant),

200 2673 424 2746 consequens
443 2662 540 2744 erat,
556 2671 640 2719 cum
651 2671 801 2744 quaeque
824 2645 964 2718 venalia
983 2646 1030 2718 ad
1049 2645 1200 2745 duplum
1211 2645 1268 2718 vel

201 2763 348 2861 triplum
367 2764 495 2835 assueti
523 2774 670 2860 perante
691 2760 794 2859 pretii
820 2761 1075 2853 excrevissent,
1106 2784 1266 2832 necnon

201 2880 269 2951 nisi
286 2904 370 2951 curn
383 2880 546 2952 maximis
562 2876 832 2949 difficultatibus
844 2890 881 2948 et
892 2874 1078 2951 laboribus
1088 2876 1210 2949 invehi
1223 2902 1267 2948 ex

201 3021 278 3068 uno
301 2995 380 3068 solo
403 2995 536 3092 angulo
560 3007 706 3092 possent
729 2993 779 3090 (et
802 2992 875 3065 hoc
900 3018 983 3065 cum
1003 2993 1168 3092 praesidio
1189 2985 1268 3094 pln-

201 3111 300 3182 rimae
316 3124 535 3182 armatorum
546 3107 816 3206 multitudinis),
837 3106 950 3206 quod,
968 3109 1029 3206 qui
1047 3106 1141 3182 bene
1158 3135 1267 3207 pecu·

201 3227 263 3299 lati
285 3250 360 3298 non
377 3240 498 3317 erant,
517 3225 615 3321 gravi
631 3238 784 3320 egestate
811 3239 846 3295 et
874 3225 1024 3322 penuria
1047 3225 1265 3298 laborarent.

203 3339 386 3412 Artificum
400 3364 486 3414 vero
503 3364 632 3413 manus
649 3340 975 3436 numerositasqne,
996 3365 1075 3439 qnae
1092 3343 1268 3413 anteriore

203 3459 332 3555 quietis
352 3482 394 3530 ac
415 3459 512 3556 pacis
525 3471 688 3556 tempore
704 3455 751 3528 de
767 3458 839 3529 suis
853 3455 1009 3529 artificiis
1031 3472 1137 3555 atque
1150 3460 1268 3557 operis

202 3572 396 3646 honestum
421 3574 504 3645 satis
532 3586 565 3645 et
595 3573 783 3671 copiosum
811 3572 878 3644 sibi
905 3573 1038 3645 victum
1061 3574 1267 3673 suppedita-

203 3690 311 3783 bant,
336 3691 421 3787 quia
437 3691 640 3763 necessarie
662 3690 713 3762 eis
727 3689 874 3790 deerant
890 3714 1032 3761 suarum
1048 3691 1177 3762 artium
1194 3716 1269 3763 ma·

204 3807 319 3898 tenea,
353 3830 460 3902 quas,
493 3807 557 3877 etsi
587 3806 707 3879 forsan
734 3805 853 3878 adhuc
881 3805 1037 3878 residuas
1069 3806 1264 3899 baberent,

243 4027 274 4082 l.
296 4023 433 4082 L'auteur
446 4043 477 4082 se
490 4025 629 4103 comptait
642 4044 707 4084 sans
721 4023 808 4082 doute
821 4022 914 4100 parmi
927 4041 975 4081 ces
989 4042 1156 4101 personnes.

244 4120 274 4174 2.
294 4115 396 4175 Manh.
411 4119 494 4175 iram.

246 4212 275 4267 3.
297 4211 338 4268 Ge
350 4210 400 4288 qui
414 4211 470 4269 suit
483 4212 576 4269 forme
587 4230 628 4268 un
641 4222 722 4268 autre
736 4209 864 4288 chapitre
877 4209 949 4269 dans
963 4207 1123 4267 Mattheus.
1236 4290 1242 4301 ·

246 4309 276 4365 li.
297 4309 395 4382 lacon
411 4307 588 4386 impossible.
608 4307 749 4367 serait-ce
761 4309 949 4383 apothetica?
