2946 5070
591 481 710 540 LIBER·-
723 482 872 538 PRIMUS.
1206 484 1259 540 tut

253 618 334 699 Quo
348 613 398 683 sic
413 637 477 711 per
493 636 578 684 eum
591 637 777 710 responso,
795 636 878 683 cum
893 611 993 682 omni
1008 611 1118 682 animi
1132 609 1265 684 fiducia

201 728 347 798 ulterius
364 752 447 798 eum
460 729 709 835 requisivimus
723 743 761 799 ut
775 726 880 798 nobis
893 726 1083 797 consilium
1100 743 1264 825 praestare

203 841 319 933 vellet,
338 866 383 913 an
402 842 512 940 ipsius
529 843 645 913 nuntii
661 843 854 915 adventum
872 842 1041 941 opperiri,
1061 842 1117 913 vel
1129 844 1261 940 potius,

201 957 337 1028 utendo
351 957 493 1029 licentia
513 957 618 1029 nobis
635 981 817 1051 concessa,
833 958 901 1028 iter
916 956 1165 1054 proficiscendi
1179 960 1265 1031 arri·

201 1096 286 1169 pere
316 1072 547 1165 deberemus,
570 1088 742 1171 tanquam
767 1074 813 1144 de
836 1073 940 1168 regiae
961 1073 1155 1145 voluntatis
1185 1101 1265 1146 mu·

202 1188 334 1260 tatione
367 1189 456 1262 nihil
483 1191 650 1288 suspicati
685 1190 740 1261 vel
772 1188 960 1261 admoniti.
996 1189 1138 1262 Sciebat
1168 1192 1265 1263 enim

200 1305 507 1401 quemadmodum
528 1307 602 1402 jam
620 1304 691 1377 illic
717 1306 789 1401 regi
806 1329 1025 1404 permenses
1052 1306 1265 1403 quatuorde-

200 1420 272 1491 cim
288 1422 539 1510 serviissemus,
559 1421 658 1493 n’ullo
676 1423 817 1520 penitus
834 1435 979 1517 accepto
1001 1421 1180 1518 stipendio
1203 1447 1266 1496 seu

200 1534 395 1608 honorario
414 1537 471 1608 vel
484 1537 611 1633 quovis
626 1536 893 1628 emolumen103
914 1536 1065 1633 qualiter
1081 1538 1188 1610 etiam
1204 1563 1265 1610 rex

200 1666 283 1722 ante
300 1652 492 1723 discessum
509 1666 672 1723 nostrum
688 1677 731 1723 ex
747 1651 863 1740 curia,
883 1665 922 1721 ut
935 1676 1043 1750 supra
1058 1652 1261 1743 retulimus,

199 1766 377 1864 pollicitus
395 1768 508 1839 suerat
530 1766 633 1839 nobis
654 1766 701 1838 de
721 1767 894 1866 pensione
922 1766 1053 1839 idonea
1077 1767 1265 1864 providere

199 1880 301 1978 (nam
313 1884 387 1980 ipse
401 1897 487 1954 tunc
501 1883 537 1953 in
553 1883 679 1955 eadem
693 1883 784 1978 regis
796 1882 895 1953 curia
909 1906 1060 1979 praesens
1073 1881 1263 1977 adfuerat),

199 1998 245 2071 de
267 2024 338 2096 qua
354 2015 473 2071 tamen
491 1992 728 2098 promissione
746 1998 834 2070 nihil
851 2022 998 2096 prorsus
1019 1998 1134 2071 fuerat
1148 1999 1263 2071 adim·

198 2114 352 2213 pletum,
372 2142 478 2213 grave
495 2131 615 2188 autem
636 2117 742 2189 nimis
758 2130 834 2187 erat
855 2115 960 2213 nobis
982 2130 1025 2186 et⁴
1038 2116 1264 2213 importabile

199 2244 272 2303 tam
290 2231 352 2307 diu
368 2233 405 2302 in
420 2245 493 2303 tam
509 2248 648 2305 remota
663 2255 685 2304 a
702 2231 846 2303 sedibus
862 2232 984 2331 patriis
999 2246 1091 2304 terra
1107 2234 1264 2331 propriis

199 2346 381 2444 stipendiis
409 2349 480 2443 regi
507 2350 670 2421 militare.
699 2347 1022 2420 Percunctabamur
1044 2349 1150 2444 igitur
1178 2376 1262 2448 pru·

199 2463 357 2536 dentiam
374 2490 475 2537 suam
491 2466 665 2563 quidnam
682 2466 816 2537 lactura
838 2464 944 2554 soret,
974 2466 1002 2536 si
1023 2465 1147 2537 similis
1163 2492 1260 2556 eum,

199 2582 251 2652 uti
261 2596 381 2655 nostra
392 2582 482 2674 erat,
499 2583 641 2655 fortuna
652 2596 800 2654 teneret.
820 2584 897 2679 lpse
913 2595 1044 2670 autem,
1056 2584 1118 2680 qui
1132 2599 1260 2675 rectuS,
1345 2624 1348 2631 ,

198 2699 260 2796 qui
271 2698 385 2794 justus
400 2714 505 2795 atque
520 2698 700 2771 humanus
715 2698 884 2769 dominus
899 2711 986 2786 erat,
1002 2696 1097 2769 illico
1114 2723 1263 2797 respon-

199 2815 252 2886 dit
273 2841 310 2887 se
333 2816 370 2886 in
397 2815 459 2886 tali
476 2838 560 2886 casu
583 2840 658 2886 non
682 2827 967 2913 exspectaturum
991 2813 1263 2887 nuntiiadven·

198 2923 289 3021 tum,
308 2930 370 3003 sed
388 2930 505 3002 statim
521 2955 558 3002 se
576 2930 623 3002 ad
639 2930 774 3002 curiam
792 2929 883 3023 regis
898 2928 935 2999 in
960 2928 1105 3027 propria
1124 2929 1261 3027 profec-

199 3062 320 3119 turum
334 3047 521 3142 nuntiique
535 3060 797 3143 praeventurum
810 3069 1004 3115 accessum.

249 3162 356 3251 Quod
384 3187 467 3234 cum
497 3186 572 3233 non
597 3163 672 3232 sine
700 3160 855 3259 plurima
879 3160 1113 3255 gratulatione
1139 3160 1186 3233 ab
1216 3187 1260 3234 eo

200 3278 334 3349 dictum
352 3278 597 3367 audiissemus,
616 3277 733 3348 statim
749 3275 1000 3348 subintulimus
1016 3277 1054 3347 id
1071 3277 1177 3349 etiam
1194 3303 1260 3349 nos

200 3395 350 3466 omnino
367 3394 520 3466 facturos
537 3393 777 3495 proposuisse,
801 3418 867 3465 nec
884 3393 921 3463 in
940 3406 1040 3465 tanto
1056 3392 1260 3466 discrimine

201 3510 390 3609 obtorpere
416 3509 617 3604 intendere,
647 3510 709 3582 sed
731 3508 831 3610 quod
855 3509 965 3581 altero
992 3524 1073 3606 post
1095 3511 1259 3608 proximo

199 3628 359 3724 sequenti
378 3627 449 3715 die,
476 3628 633 3699 Domino
656 3625 761 3714 duce,
789 3625 856 3697 iter
874 3626 1121 3723 arriperemus.
1152 3626 1259 3712 Quod

200 3743 275 3840 ipse
291 3757 330 3814 ut
345 3742 394 3812 ita
406 3740 599 3813 laceremus
612 3740 790 3812 consuluit
806 3753 841 3810 et
851 3740 1019 3811 laudavit.
1037 3739 1140 3811 Unde
1154 3739 1260 3812 nobis

200 3855 238 3926 in
255 3856 314 3928 tali
333 3870 457 3927 nostra
475 3855 666 3926 afflictione
690 3868 796 3950 atque
812 3851 1039 3925 tribulatione
1057 3876 1187 3947 magna
1202 3877 1260 3925 ac·

200 3972 309 4043 crevit
324 3970 522 4044 consolatio
538 3982 573 4040 et
585 3968 684 4040 bona
696 3993 776 4067 spes
789 3969 825 4039 in
836 3970 1007 4060 Domino,
1022 3968 1181 4068 laqueos,
1195 3970 1258 4066 qui

200 4086 307 4159 nobis
317 4085 555 4160 tendebantur
568 4086 693 4157 mortis
702 4109 766 4184 per
776 4109 969 4183 pravomm
983 4084 1140 4177 insidias,
1155 4111 1258 4185 posse

200 4206 380 4278 declinare
395 4221 431 4277 ct
445 4205 612 4302 effugere.
736 4253 740 4269 .
