2946 5070
239 499 298 557 tte
667 496 874 568 ammom,

238 658 303 735 per
321 646 436 704 totum
455 629 643 730 publicatis
659 655 827 728 regnum,
845 655 912 729 pro
932 630 1050 725 quiete
1066 644 1103 700 et
1119 630 1303 707 securitate

238 749 401 823 omnium
419 748 481 845 qui
504 747 560 819 vel
579 748 735 843 germani
758 747 832 839 sui,
849 745 908 848 vel
929 745 1084 818 aliorum
1104 742 1176 817 sibi
1196 744 1303 818 loede·

238 883 396 941 ratorum
414 864 616 964 principum
632 862 793 962 partibus
807 861 1058 955 adhaesissent,
1076 863 1304 960 proposuisse

237 981 437 1077 generalem
472 979 595 1077 (quam
623 979 710 1050 olim
740 977 969 1050 Athenienses
1002 977 1165 1049 fecerunt
1200 993 1304 1074 atque

235 1098 401 1170 dixerunt
412 1096 644 1183 amnestiam,
662 1120 730 1167 uos
747 1119 833 1166 vero
853 1094 1055 1191 generalem
1068 1092 1304 1168 abolitionem

235 1238 296 1284 seu
320 1211 576 1307 indulgentiam
595 1211 773 1309 appellare
797 1209 980 1306 solemus),
1003 1220 1197 1309 perquam
1216 1209 1304 1283 fide·

235 1327 403 1399 lissimam
415 1342 521 1422 atque
536 1324 724 1398 inmissam
737 1325 961 1397 securitatem
972 1325 1220 1422 universisqui
1229 1352 1303 1425 pen

234 1458 317 1515 aute
336 1445 372 1515 in
394 1443 513 1540 aliqua
536 1443 755 1516 hesitatione
783 1443 948 1536 luissent,
972 1444 1132 1542 prestari
1152 1458 1189 1515 et
1211 1469 1303 1516 con-

233 1557 311 1631 cedi
331 1557 574 1630 indubitanter
592 1557 808 1632 asserebant.
832 1563 874 1630 Et
885 1558 1139 1656 hujuscemodi
1156 1560 1301 1656 quidem

231 1673 515 1770 suggestionibus
528 1675 654 1772 saepius
666 1676 803 1748 onerati
813 1689 848 1747 et
859 1675 1057 1748 intentatia
1072 1675 1209 1768 multis,
1227 1691 1300 1748 tum

231 1792 489 1864 necessitudine
509 1792 705 1888 sanguinis,
723 1806 802 1865 tum
818 1792 973 1865 amicitia
988 1790 1095 1866 nobis
1110 1794 1297 1892 copulatis,

231 1934 306 1983 uou
325 1910 424 1983 l'acile
442 1908 574 1982 adduci
598 1923 805 2007 poteramus
823 1923 864 1980 ut
882 1907 991 1981 fidem
1013 1908 1120 1981 dictis
1136 1926 1201 1982 aut
1222 1937 1300 2010 pro·

231 2011 356 2097 missis
369 2023 726 2099 accommodaremus
755 2025 848 2097 illius
877 2049 987 2123 quem
1015 2026 1299 2100 manifestissime

230 2142 514 2236 agriuscebamus
532 2155 659 2213 contra
676 2140 797 2213 datam
813 2165 885 2213 ase
900 2140 1011 2214 fidem
1026 2157 1064 2214 et
1078 2159 1297 2216 sacramenta

229 2256 332 2355 plum
347 2259 453 2331 etiam
472 2272 633 2329 recenter
649 2256 792 2349 iecisse,
811 2282 878 2329 nec
895 2273 1012 2329 tutum
1027 2259 1091 2331 illo
1103 2275 1215 2357 pacto
1226 2260 1296 2332 lore

228 2374 321 2445 illius
338 2374 420 2446 hilei
436 2375 515 2446 ritae
532 2374 701 2470 necisque
714 2374 752 2444 in
770 2397 837 2444 nos
848 2388 1060 2472 potestatem
1075 2379 1294 2474 permittere,

226 2491 289 2585 qiu
316 2515 396 2563 eam
415 2492 563 2589 proprio
592 2514 765 2586 genum
791 2489 860 2561 sub
887 2492 1101 2563 sacramenti
1128 2494 1296 2589 religione

227 2606 399 2679 solicitam
421 2606 570 2678 minime
593 2607 815 2678 servavisset.
845 2605 1091 2679 Occurrebant
1109 2608 1220 2680 nobis
1240 2610 1294 2681 die

227 2736 408 2818 uomuque
423 2736 457 2793 et
475 2736 605 2792 nostra
620 2724 750 2793 mentis
761 2722 1045 2795 obversabantur
1054 2727 1187 2816 omlis,
1201 2752 1293 2798 nunc

226 2836 282 2919 hi,
306 2837 497 2909 crudeliter
512 2860 688 2934 aqttarum
706 2838 869 2911 srrll‘oeati
887 2839 1103 2936 gurgitibus,
1123 2868 1225 2915 nunc
1240 2844 1291 2915 isti

224 2955 305 3025 cusi
327 2969 361 3025 et
380 2953 516 3031 latenti,
537 2953 651 3024 modo
668 2955 727 3025 alii
750 2957 827 3049 qui,
846 2955 978 3026 talibus
998 2982 1037 3027 se
1052 2956 1292 3030 subducentes

224 3068 346 3154 malis,
368 3068 498 3139 relictis
513 3068 728 3164 mtijugibus
746 3085 781 3139 et
808 3068 940 3159 liberis,
963 3069 1113 3169 [Ροῑίιις]
1131 3075 1290 3145 msilirrm

223 3183 346 3256 uibus
365 3209 475 3280 uttam
489 3184 620 3255 talibus
635 3210 711 3256 sese
730 3186 912 3257 involvere
926 3188 1142 3260 criminibm
1158 3191 1291 3286 delege-

224 3311 318 3377 rant,
331 3311 380 3377 et,
394 3296 566 3369 erunibus
578 3297 710 3370 retusis
720 3299 884 3387 fortunis,
896 3299 944 3371 de
954 3300 1140 3397 Babylone
1152 3305 1292 3400 auluge·

224 3426 302 3486 mut
321 3427 429 3508 atqtie
442 3414 660 3487 exiverant':
674 3438 830 3510 qraorum
846 3413 955 3487 uobis
965 3442 1069 3512 perne
1084 3420 1229 3490 assidue
1241 3441 1290 3490 re

222 3529 1288 3627 prasentatriuiagiuesutdhmiuhujtmxiamnestiissiw

221 3639 481 3714 bunonem
507 3642 753 3741 upum-hm
775 3668 853 3716 mse
875 3670 979 3744 spem
1007 3650 1284 3723 murimbmt

262 3865 701 3944 bumannum&
719 3865 997 3940 habebimur,
1015 3873 1287 3954 Μακραὶ

216 3961 468 4030 &tenende
481 3960 778 4036 mamistam
795 3963 1285 4029 emmae-muniit

217 4053 826 4163 heuoeueutgeneml=dubnllidelum
839 4055 1286 4136 theganum-HQ
