2946 5070
599 536 707 591 LlBllll
732 534 883 591 SEXTUS.

527 758 784 868 clrrromn
809 797 932 866 xvrn.

200 986 322 1054 Qualiter
340 985 423 1039 Turci
440 982 602 1047 Odrontum‚
621 983 753 1038 civitatem
767 983 881 1055 Apulia,
897 984 1072 1058 popularum,
1090 997 1116 1038 et
1131 984 1269 1056 quomodo

583 1066 646 1122 inde
656 1066 759 1141 depulsi
772 1068 888 1123 luerunt.

252 1231 323 1305 Sed
341 1248 377 1304 et
392 1231 489 1304 aliud
512 1257 585 1303 non
604 1230 753 1304 minoris
772 1232 943 1330 periculi,
972 1246 1141 1329 sequente
1156 1255 1266 1324 anno,

200 1347 368 1421 exorunn
386 1361 439 1420 est
456 1347 615 1439 malurn,
633 1347 707 1419 imo
738 1348 845 1444 longe
874 1349 1044 1444 gravioris
1077 1363 1111 1423 et
1127 1340 1270 1448 majoris

202 1464 405 1538 formidinis
421 1465 580 1564 plenum.

251 1584 385 1653 AEstate
408 1580 572 1652 videlicet
600 1595 771 1678 sequente
794 1596 984 1678 postquam
1014 1606 1083 1682 pax
1107 1580 1165 1654 illa
1195 1581 1272 1653 Flo·

201 1698 429 1770 rentinorum
440 1713 517 1770 erat
530 1697 756 1793 reintegrata,
769 1696 955 1768 nimirum¹
971 1720 1013 1768 ex
1024 1698 1152 1795 lllyrici
1165 1697 1271 1770 maris

201 1811 343 1907 littore,
360 1813 484 1906 anci,
515 1799 639 1912 parata
666 1812 775 1885 classe
791 1812 837 1884 ad
854 1813 973 1884 littora
987 1813 1092 1886 ltaliae
1107 1813 1268 1900 advecti,

201 1929 428 2021 Odrontum,
449 1931 628 2003 civitatem
640 1929 799 2028 Apuliae¹,
816 1928 904 2000 nihil
923 1929 991 2001 tale
1005 1930 1139 2031 aliquid
1156 1930 1270 2028 suspi-

200 2060 344 2119 cantem
362 2070 429 2118 nec
459 2046 540 2118 ullis
557 2043 770 2118 militaribus
800 2044 971 2143 praesidiis
988 2046 1267 2138 communitam,

200 2162 301 2237 bello
318 2163 436 2236 adorti
453 2178 547 2236 sunt.
565 2168 683 2252 Quam
699 2163 816 2235 statim
835 2184 1034 2258 aggressam
1053 2163 1152 2234 nullo
1169 2186 1270 2261 paene

201 2283 349 2379 negotio
363 2297 610 2382 expugnarunt
619 2285 642 2375 ⁸,
663 2295 697 2353 et
716 2281 907 2354 crudeliter
926 2282 1077 2353 nimium
1093 2281 1271 2380 populan-

202 2413 273 2494 tes,
299 2399 396 2472 caesis
428 2397 567 2471 civibus
588 2399 644 2471 vel
676 2398 883 2496 profligatis,
907 2398 1082 2472 hostiliter
1113 2399 1268 2498 diripue-

201 2527 298 2584 runt.
456 2600 459 2613 ζ
1193 2529 1196 2539 ⁴

251 2632 335 2700 Erat
351 2642 437 2699 tuno
452 2628 489 2699 in
506 2649 550 2699 ea
564 2625 703 2698 civitate
718 2626 826 2724 ipsius
835 2626 993 2724 pontifex
1004 2683 1014 2720 ,
1026 2627 1105 2698 vitae
1116 2627 1269 2725 puritate

201 2768 245 2817 ac
261 2744 449 2841 grandaeva
465 2744 594 2816 canitie
611 2741 837 2836 venerahilis,
850 2766 958 2838 quem
972 2757 1089 2816 truces
1099 2742 1149 2814 illi
1161 2756 1268 2840 atque

201 2861 284 2933 sevi
293 2858 439 2933 barbari
456 2859 577 2956 (canes
593 2858 712 2957 potius
726 2880 837 2953 quam
848 2857 1014 2931 homines
1032 2859 1267 2956 appellandi),
1297 2943 1313 2973 Ι

201 3067 305 3126 l’avoir
316 3066 445 3146 ignoree.
461 3067 505 3125 On
521 3079 591 3144 peut
602 3065 667 3123 voir
678 3083 711 3123 ce
724 3065 829 3143 qu’elle
842 3065 885 3124 lut
899 3065 971 3124 dans
985 3050 1115 3145 Philippo
1130 3066 1167 3126 de
1181 3069 1266 3126 Com-

201 3161 313 3234 mines,
328 3160 349 3220 l.
368 3164 421 3232 Vl,
441 3158 489 3219 ch.
515 3181 557 3218 ιν.
575 3160 598 3218 ll
618 3180 636 3236 y
656 3178 674 3217 a
692 3159 768 3217 aussi
792 3179 832 3218 un
854 3159 1003 3218 manifeste
1021 3159 1059 3218 du
1078 3160 1121 3219 roi
1140 3181 1214 3240 pour
1227 3162 1268 3220 les

200 3256 320 3316 Medicis
345 3254 670 3334 (Lenglet-Dulresnoy,
695 3258 867 3329 commines,
890 3267 911 3312 t.
931 3258 990 3327 111,
1010 3276 1039 3334 p.
1059 3259 1150 3328 552),
1166 3268 1268 3314 etune

200 3351 353 3412 circulaire
373 3350 412 3410 du
435 3353 541 3409 baout
561 3351 638 3411 lt78
660 3368 736 3428 pour
752 3351 859 3408 sermer
879 3351 997 3409 l'entree
1014 3350 1053 3408 du
1073 3370 1214 3428 royaume
1230 3371 1267 3410 au

199 3459 296 3506 oomte
314 3444 508 3522 ffieronyme,
526 3471 539 3496 ιι
555 3446 573 3502 a
589 3463 649 3524 ung
666 3445 783 3503 nomme
798 3444 948 3503 Jherosme
963 3445 1077 3517 Riaire,
1097 3444 1214 3505 homme
1232 3447 1268 3505 de

199 3537 252 3598 bas
266 3538 325 3597 lieu
338 3550 367 3603 et
379 3535 548 3609 condicion,
567 3536 679 3616 lequel,
698 3555 735 3597 en
755 3536 851 3615 huyne
864 3538 900 3596 de
919 3537 1060 3597 l’alliance
1079 3559 1137 3617 que
1155 3553 1206 3598 ont
1226 3541 1267 3599 les

200 3632 363 3690 Florentius
382 3634 398 3690 a
416 3650 548 3703 nous...‚
568 3650 601 3702 a,
619 3629 684 3710 puis
704 3649 799 3690 aucun
818 3645 927 3711 temps,
943 3633 1127 3712 compito...
1146 3646 1175 3691 et
1187 3653 1205 3691 a
1218 3633 1269 3691 luit

200 3725 331 3800 enroier,
345 3723 434 3784 soubz
448 3725 568 3784 couleur
580 3722 668 3782 d’une
681 3723 776 3783 lausse
788 3723 930 3804 legaciom
940 3726 967 3784 le
981 3726 1109 3785 cardinal
1122 3727 1158 3787 de
1173 3727 1267 3787 Saint-

201 3823 330 3901 George,
350 3838 403 3878 son
420 3833 524 3899 parent
541 3832 570 3877 et
587 3819 668 3890 affin,
688 3831 717 3876 et
734 3817 951 3898 l’archevesque
970 3820 1006 3879 de
1023 3821 1098 3880 Pise.
1117 3847 1130 3873 n
1151 3823 1268 3881 Itecueil

200 3915 349 3994 laegrand,
363 3928 384 3973 t.
400 3916 515 3986 XXVI,
533 3931 592 3971 aux
605 3931 672 3969 mss.
690 3910 767 3969 dela
781 3909 855 3969 Bibl.
873 3913 944 3991 imp.

241 4016 270 4070 Ι.
294 4013 370 4070 Nam
384 4008 456 4068 dans
467 4007 497 4066 le
511 4027 565 4066 ms.

241 4106 271 4162 2.
294 4105 424 4173 ouante,
440 4099 600 4178 metropole
610 4099 647 4157 de
660 4099 689 4158 lu
702 4097 822 4159 Pouille.

242 4201 271 4256 3.
292 4196 434 4273 Attaquee
446 4197 474 4253 le
488 4198 526 4253 28
541 4194 638 4267 juillet
651 4194 743 4270 1480,
762 4194 789 4252 la
810 4194 877 4253 ville
891 4195 1016 4274 capitula
1032 4195 1059 4253 le
1074 4200 1106 4255 ll
1126 4202 1193 4256 aorlt
1209 4200 1267 4260 sui-

203 4305 283 4353 tant.
369 4345 373 4351 .
