2946 5070
584 505 695 563 LIBER
714 505 864 562 antuus.
1195 503 1255 562 289

200 634 370 729 steterat),
401 635 678 709 commutabile
706 635 918 733 choleraque
944 635 1173 708 vehementer
1194 661 1252 708 ac·

200 768 326 851 censa,
349 738 442 821 illico
458 751 625 822 nuntium
641 765 676 823 et
699 751 884 849 epistolam
907 750 1094 823 destinavit
1108 751 1155 825 ad
1172 776 1253 825 can·

200 862 379 936 cellarium
383 890 505 971 suum,
517 892 581 965 per
589 892 696 965 quam
704 894 787 941 eum
795 869 1250 966 vehementiuscoarguens,

201 979 350 1073 graviter
361 981 567 1081 increpabat
580 1009 644 1055 cur
662 1009 728 1056 nos
737 985 888 1055 Turonis
903 1009 1024 1056 secum
1037 983 1251 1073 adduxisset,

200 1109 236 1165 et
252 1119 325 1166 non
343 1097 461 1193 potius
476 1122 518 1168 ex
541 1099 711 1190 Biturica,
741 1098 1048 1195 quemadmodum
1074 1125 1111 1171 se
1137 1097 1253 1170 eidem

200 1210 389 1307 imperasse
411 1212 552 1306 aiebat,
574 1239 640 1286 nos
663 1215 893 1313 expedivisset
908 1230 944 1285 et
959 1215 1005 1286 ad
1028 1214 1254 1313 proficiscen-

200 1326 288 1397 dum
318 1330 544 1425 compulisset
569 1357 576 1398 :
601 1329 775 1402 mandans
801 1332 835 1402 ei
864 1330 1054 1403 districtius
1081 1314 1284 1428 quatenus

201 1440 324 1531 nobis,
346 1441 482 1540 absque
500 1444 666 1517 ulteriore
682 1446 870 1538 dilatione,
889 1461 1104 1546 praeceptum
1128 1447 1257 1520 laceret

200 1571 241 1629 ut
260 1556 354 1628 illico
371 1558 416 1631 ad
433 1559 648 1632 destinatum
664 1560 770 1633 nobis
788 1561 886 1661 apud
903 1563 1156 1660 perpinianum
1172 1562 1259 1633 exsi-

199 1675 287 1748 lium
304 1701 550 1775 pergeremus,
570 1691 675 1775 atque
696 1679 777 1770 illo',
798 1691 934 1773 quanto
950 1678 1124 1750 maturius
1138 1701 1258 1775 posse-

201 1815 299 1885 mus,
319 1792 559 1873 tenderemus.
1132 1803 1136 1811 ‘

250 1913 366 1995 Quam
390 1908 576 2005 epistolam
597 1934 680 1981 cum
698 1935 799 2008 paene
824 1933 867 1982 ea
888 1910 1000 2004 hora,
1021 1935 1091 2005 qua
1108 1910 1259 1981 Turonis

199 2024 501 2123 applicueramus,
518 2025 747 2098 cancellarius
759 2027 832 2124 ipse
850 2028 1049 2126 recepisset,
1068 2041 1103 2096 et
1118 2026 1256 2118 statim,

199 2141 252 2212 uti
267 2154 431 2238 parerat,
448 2155 638 2238 postquam
651 2140 696 2212 de
712 2142 809 2215 mula
824 2142 1134 2234 descenderamus,
1150 2143 1259 2239 ipsius

200 2260 376 2335 salutandi
397 2263 508 2357 gratia
523 2261 674 2333 domum
691 2248 766 2357 ejus
781 2263 1021 2355 intrassemus,
1041 2261 1146 2333 nobis
1162 2262 1260 2334 exhi·

198 2376 279 2448 buit
294 2391 329 2447 et
345 2375 517 2468 ostendit,
543 2377 702 2475 prolecto
721 2403 757 2450 se
774 2403 796 2450 a
811 2378 976 2475 lacrymis
999 2379 1146 2449 minime
1171 2403 1260 2449 con·

197 2496 312 2591 tinere
327 2495 462 2585 valens,
478 2519 566 2592 quas
578 2520 619 2566 ex
632 2496 708 2592 ejus
719 2496 831 2569 oculis
842 2496 998 2568 defluere
1012 2496 1079 2593 ipsi
1089 2495 1256 2566 vidimus.

199 2608 339 2683 Sciebat
366 2611 462 2681 enim
489 2625 525 2681 et
542 2611 641 2706 longi
663 2611 832 2709 temporis
853 2610 1071 2708 experientia
1088 2608 1262 2681 didicerat

199 2750 308 2823 quam
320 2727 497 2798 sincerum
509 2727 624 2798 zelum
640 2726 688 2800 ad
702 2751 777 2798 rem
787 2725 967 2825 publicam
984 2740 1020 2797 et
1031 2726 1171 2822 justitia
1187 2723 1261 2795 cul·

200 2855 276 2913 tum
302 2840 536 2930 haberemus3
559 2842 660 2938 cujus
686 2866 752 2912 nec
775 2854 981 2912 nostrorum
1005 2854 1152 2938 perante
1171 2862 1259 2934 qua-

199 2955 443 3054 liumcumque
465 2958 502 3027 in
527 2981 602 3028 rem
627 2954 807 3054 publicam
835 2957 1061 3045 meritorum,
1095 2978 1162 3026 nec
1193 2955 1261 3024 vir-

200 3074 284 3144 tutis
305 3099 366 3146 seu
386 3061 566 3170 dignitatis
583 3085 781 3170 respectum
803 3071 983 3144 observari
1004 3069 1166 3163 videbat,
1196 3068 1258 3141 sed

201 3213 267 3261 nec
285 3190 539 3287 promissarum
551 3189 587 3259 in
603 3189 675 3260 vim
689 3187 815 3283 regalis
828 3186 935 3258 edicti
952 3168 1178 3258 securitatum
1194 3208 1258 3282 pu·

199 3303 410 3376 blicatarum
429 3304 539 3378 fidem
557 3304 706 3378 attendi.
732 3307 844 3375 Porro
870 3328 953 3375 cum
971 3303 1084 3400 ipsam
1108 3298 1257 3400 praedic·

199 3435 273 3493 tam
292 3421 383 3516 regis
399 3421 584 3519 epistolam
603 3422 721 3492 surore
747 3419 868 3516 utique
893 3433 929 3491 et
951 3417 1094 3490 cholera
1111 3417 1255 3515 plenam

199 3535 421 3632 legissemus,
444 3518 683 3632 eumdemque
703 3536 881 3634 optimum
901 3533 1150 3605 cancellarium
1175 3532 1256 3603 scis·

199 3653 389 3725 citaremur
409 3653 438 3724 si
457 3677 503 3723 ne
521 3651 639 3724 adhuc
660 3652 882 3751 interpellare
904 3675 1023 3746 regem
1046 3648 1256 3721 deberemus

200 3796 266 3869 pro
284 3768 531 3843 constituenda
550 3768 672 3862 nobis,
696 3768 1001 3865 quemadmodum
1025 3766 1138 3839 suerat
1154 3763 1256 3865 polli-

200 3886 306 3980 citus,
325 3887 517 3985 pensione,
537 3885 686 3956 omnino
711 3885 748 3956 id
769 3886 836 3956 no's
861 3884 973 3957 lacere
996 3882 1179 3973 dissuasit,
1202 3880 1256 3950 in·

200 4003 338 4097 quienS,
355 4004 384 4074 si
394 3988 485 4075 ultra
495 3998 671 4100 proficisci
680 3998 914 4094 differremus,
928 3996 1255 4097 magnumexitium

200 4117 446 4210 verisimiliter,
471 4130 605 4190 attenta
622 4115 778 4214 epistolae
796 4117 899 4211 regiae
914 4114 1122 4205 acerbitate,
1149 4108 1255 4182 nobis

200 4256 304 4330 posse
328 4234 541 4332 importane3
562 4230 757 4305 consubito
771 4255 858 4304 vero
880 4230 1032 4324 lore,.et
1056 4228 1156 4328 quod
1185 4226 1263 4324 ipse

300 4369 337 4408 ιιι
1058 4349 1096 4404 19
