2946 5070
201 515 258 572 108
472 514 730 573 ulsrotunnun
750 512 930 571 Lunovlcl
948 513 992 570 xl

199 649 268 721 bus
284 647 525 722 cardinaiibus
548 647 722 718 committi
746 670 835 741 aegre
857 643 1109 737 obtinuerunt,
1133 646 1171 717 in
1195 669 1262 742 qua

199 779 301 838 erant
315 763 370 837 hae
386 765 520 837 frivolae
533 764 798 836 criminationes
814 763 965 836 insertae.

509 1080 765 1150 CAPITULUM
796 1080 951 1149 xxvtn.

200 1299 239 1351 De
252 1311 357 1352 moneta
367 1317 448 1372 quam
458 1297 651 1370 Eughelbertus
663 1296 725 1350 cudi
734 1297 806 1362 fecit,
821 1309 846 1350 et
859 1296 893 1350 de
906 1298 982 1370 gestis
996 1315 1044 1369 per
1057 1316 1130 1365 eum,
1142 1311 1221 1369 atque
1232 1298 1263 1352 de

566 1381 705 1436 obsidione
718 1381 751 1435 de
763 1382 894 1438 Yselstein.

123 1632 128 1647 ·
249 1595 333 1664 Erat
348 1592 465 1664 dictus
483 1591 741 1689 Enghelbertns
759 1594 934 1683 intrusus,
956 1590 1003 1664 ab
1020 1592 1123 1663 initio
1134 1591 1264 1664 adven·

201 1727 256 1783 tus
279 1711 332 1781 sui
359 1709 531 1806 quamdin
558 1712 651 1781 stetit
670 1709 840 1806 Trajecti,
861 1711 897 1780 in
917 1708 1027 1781 domo
1050 1709 1260 1807 episcopali,

199 1830 282 1921 sita,
304 1842 344 1898 ut
371 1828 480 1899 moris
505 1842 576 1920 est,
600 1828 700 1924 juxta
727 1824 968 1899 cathedralem
992 1826 1196 1917 ecclesiam,
1226 1827 1261 1897 in

200 1967 309 2040 quam
331 1941 443 2014 suerat
460 1942 506 2014 ab
526 1942 602 2035 his,
622 1944 681 2039 qui
707 1966 791 2013 eum
816 1941 1066 2032 accersierant,
1090 1954 1262 2038 tanquam

133 2113 138 2121 .
199 2060 315 2133 vicem
329 2077 453 2156 gerens
469 2059 645 2157 episcopi,
663 2059 859 2130 collocatus
874 2072 910 2128 et
927 2056 1115 2129 adductus.
1137 2061 1183 2127 Ut
1200 2082 1262 2129 au-

200 2189 272 2245 tem
287 2199 361 2245 non
376 2176 412 2244 in
438 2197 594 2246 vacuum
614 2175 802 2246 accersitus
812 2173 934 2267 tuisse,
953 2188 1015 2245 aut
1027 2171 1114 2243 nihil
1127 2196 1263 2244 assecu-

200 2304 256 2360 tus
283 2291 466 2387 potestatis
490 2302 692 2387 putaretur,
718 2290 802 2387 ipsis
825 2288 1113 2385 suggerentibus,
1143 2313 1263 2360 mone·

200 2419 273 2475 tam
291 2429 441 2497 novam,
456 2420 643 2500 argenteos
658 2406 790 2476 scilicet
803 2421 911 2502 atque
928 2429 1056 2479 aurcos
1075 2430 1258 2495 nummos,

200 2545 265 2591 suo
282 2521 429 2593 nomine
448 2521 531 2592 cudi
548 2522 663 2593 facere
678 2546 862 2619 aggressus
886 2537 951 2595 cst.
971 2523 1042 2609 Qui
1060 2547 1145 2593 cum
1162 2523 1260 2593 initio

200 2651 411 2732 utcumque,
439 2662 506 2734 pro
528 2637 705 2710 attributo
732 2640 782 2710 eis
805 2664 929 2728 cursu,
954 2637 1157 2710 tolerabiles
1178 2638 1260 2710 suis·

199 2767 294 2843 sent,
315 2751 417 2823 brevi
434 2767 555 2823 tamen
572 2755 742 2850 temporis
759 2752 933 2846 decursu,
952 2754 1010 2824 cui
1032 2778 1122 2852 opus
1143 2753 1261 2848 hujus·

199 2869 298 2940 modi
315 2868 487 2940 cudendae
505 2884 656 2941 monetae
680 2869 726 2941 ab
747 2894 790 2940 eo
808 2870 1039 2941 commissum
1060 2872 1258 2957 exstiterat,
1310 2854 1315 2867 ’

200 2999 272 3058 tam
290 2984 476 3084 improbos
502 2988 673 3083 percussit
701 3002 807 3083 atque
833 2985 930 3078 fecit,
958 3001 1016 3077 ut,
1049 3011 1124 3057 non
1151 2986 1259 3058 modo

199 3117 297 3173 extra
310 3103 487 3174 civitatem
504 3102 637 3198 ubique
652 3127 673 3174 a
690 3104 826 3174 cunctis
843 3101 1121 3201 respuebantur,
1143 3102 1206 3174 sed
1225 3103 1259 3174 in

200 3217 339 3288 civitate
367 3217 485 3287 nullus
508 3219 724 3289 solutionem
740 3219 777 3288 in
799 3216 929 3289 talibus
955 3219 1112 3290 nummis
1134 3243 1259 3317 accep-

201 3343 274 3400 tare
290 3330 413 3419 vellet,
433 3329 494 3401 sed
513 3332 664 3428 passim,
684 3347 856 3428 tanquam
877 3330 1041 3429 reprobi,
1069 3330 1261 3403 refutaren-

199 3459 257 3515 tnr
282 3444 327 3521 ab
356 3445 536 3519 omnibus.
566 3450 675 3518 Erant
699 3447 815 3535 enim,
844 3461 884 3518 ut
905 3446 1067 3538 aiebant,
1098 3447 1135 3517 in
1161 3446 1261 3517 tertia

200 3576 299 3660 parte
318 3561 510 3634 deteriores
531 3564 568 3633 in
591 3562 823 3634 aestimatione
842 3565 936 3660 justa
960 3577 995 3633 et
1018 3562 1161 3654 valore,
1196 3586 1260 3659 pro

199 3702 273 3775 quo
296 3691 336 3749 ut
356 3702 498 3748 currere
519 3677 693 3749 deberent
715 3677 950 3750 cudebantur.
972 3678 1076 3748 Unde
1100 3692 1136 3749 et
1159 3679 1195 3749 in
1220 3701 1261 3749 ea

199 3794 359 3884 civitate,
391 3807 516 3890 praeter
548 3794 617 3866 alia
643 3794 896 3885 incommoda,
928 3795 1004 3893 ipsa
1031 3795 1139 3865 etiam
1169 3817 1261 3867 nova
1290 3812 1296 3827 ·

199 3923 341 3981 moneta
357 3908 520 4006 pluribus
537 3934 611 3980 non
631 3911 755 4005 exigua
776 3910 908 3982 damna
926 3910 1070 3982 invenit.

247 4025 348 4096 aliud
365 4026 489 4114 etiam,
509 4049 554 4094 ne
570 4025 694 4096 inutile
711 4025 776 4097 sibi
800 4025 1003 4097 dominium
1020 4024 1197 4120 quaesiisse
1213 4025 1261 4094 vi·

199 4140 357 4231 deretur,
385 4141 468 4217 satis
488 4141 659 4236 injustum
683 4157 719 4213 et
736 4143 867 4214 infame
895 4167 986 4240 opus
1012 4141 1141 4213 effecit.
1173 4145 1260 4212 Nam

200 4281 283 4330 cum
301 4258 430 4330 accolae
445 4256 629 4353 cujusdam
643 4257 753 4349 villae,
772 4272 810 4328 ut
828 4257 874 4330 ab
891 4257 1066 4329 'moendiis
1079 4271 1115 4327 et
1130 4256 1259 4353 rapinis

345 4386 363 4421 ,
426 4394 431 4403 .
