2946 5070
583 459 793 519 ammeta,

510 741 765 810 clencan
789 743 866 808 XV.

159 929 1224 1005 &wmaudwrffl-fflmrfflim

207 1119 341 1188 Verum
353 1138 437 1186 cum
452 1126 596 1184 noctem
610 1134 721 1183 unam
736 1112 941 1182 insomnem
954 1125 1064 1207 atque
1078 1111 1225 1181 anxiam

159 1230 262 1304 valde
283 1256 355 1330 prae
377 1226 624 1326 hujuscemodi
650 1229 777 1298 nuntio
800 1226 965 1297 lucuroso
988 1228 1226 1322 transegisse-

159 1372 252 1435 rnus,
275 1350 367 1437 Deo,
384 1345 430 1420 ad
452 1347 553 1442 cujus
566 1346 677 1417 solius
692 1344 865 1442 auxilium
879 1343 1163 1440 confugiendum
1176 1346 1226 1414 ri·

158 1462 346 1552 (lebamus,
364 1463 426 1560 qui
445 1492 464 1531 α
481 1486 668 1557 nunquam
689 1460 822 1533 deserit
836 1477 1021 1559 sperantes
1035 1463 1075 1531 in
1091 1487 1146 1550 se,
1164 1462 1226 1534 sed

159 1603 298 1676 semper
323 1592 450 1676 presto
479 1575 579 1649 adest
607 1577 751 1674 adjutor
773 1579 812 1648 in
836 1577 1167 1676 oppormnitatibus
1189 1580 1225 1650 in

160 1693 401 1780 tribulatione,
423 1693 684 1765 »confortante
703 1708 740 1764 et
757 1694 968 1765 consolante
987 1718 1070 1780 nos,
1088 1693 1224 1765 donum

159 1809 206 1882 ab
231 1837 291 1903 eo,
310 1813 346 1881 in
371 1809 431 1883 tali
449 1810 699 1907 desperatione
714 1809 836 1881 ausilii
851 1809 1018 1901 humani,
1036 1812 1178 1882 consilii
1192 1827 1224 1881 et

159 1927 375 2000 fortitudinis
387 1929 605 2025 accepimus.
624 1927 874 2000 venerabilem
886 1928 985 1999 enirn
1002 1944 1114 2026 atque
1131 1954 1225 2027 speo-

160 2041 303 2116 labilem
335 2047 450 2116 virum
481 2043 671 2115 dominum
701 2042 747 2116 de
778 2043 1029 2133 claromonte,
1058 2046 1097 2115 in
1126 2045 1224 2117 dictis

160 2160 261 2231 terris
282 2162 378 2233 rioes
396 2161 511 2256 regias
532 2174 714 2257 gerentem
721 2164 745 2247 ¹,
762 2160 918 2230 crastino
936 2184 1046 2231 mane
1061 2158 1223 2231 duximus

159 2274 379 2349 adeundum.
412 2281 534 2372 Aquo
556 2276 674 2372 primo
699 2275 864 2346 sciscitati
889 2275 1023 2353 sitimus
1052 2300 1102 2346 an
1125 2277 1223 2345 sciret

157 2391 257 2490 quod
274 2394 391 2488 regius
409 2392 466 2464 ille
483 2393 646 2480 nuntius,
667 2391 803 2487 dequo
827 2389 934 2461 nobis
953 2391 1070 2463 luerat
1085 2393 1222 2463 nuntia·

159 2523 255 2594 tunt,
280 2507 356 2604 jam
380 2509 427 2581 ad
451 2523 562 2582 terras
586 2507 663 2579 illas
686 2507 924 2606 applicuisset.
950 2508 1022 2594 Qui
1045 2506 1152 2578 nobis
1175 2533 1224 2579 re·

158 2624 316 2724 spondit,
336 2624 381 2697 de
395 2625 551 2697 adventu
565 2624 711 2722 quidem
730 2624 806 2719 ejus
823 2623 913 2693 nihil
926 2628 1151 2723 percepisse3
1163 2651 1223 2696 ou·

159 2756 273 2813 lerum
291 2767 329 2813 se
345 2766 387 2813 ex
404 2744 503 2814 curia
519 2741 611 2835 regis
629 2740 824 2837 suscepisse
846 2738 980 2810 litteras
999 2739 1048 2811 ab
1072 2766 1148 2812 uno
1163 2767 1224 2811 suo

158 2858 339 2945 servitore,
360 2858 423 2954 qui
438 2855 631 2929 affirmaret
653 2881 758 2943 eum,
782 2879 847 2953 per
865 2880 986 2950 regem
1002 2857 1222 2954 expeditum,

158 2972 291 3047 litteras
314 2987 349 3044 et
374 2972 543 3045 mandata
571 2970 703 3044 debere
727 2970 774 3043 ad
799 2993 867 3042 nos
892 2970 1030 3042 deferre
1055 2997 1121 3071 per
1142 2998 1224 3070 quas

159 3086 266 3161 uobis
280 3112 438 3161 recessus
453 3088 500 3160 ‹le
516 3087 575 3160 illa
598 3089 712 3187 patria
734 3088 823 3191 etin
842 3089 1031 3158 Franciam
1054 3115 1225 3186 regressus

160 3200 409 3277 inlribereutur
422 3219 529 3301 atque
544 3203 855 3291 interdicerentur,
877 3220 1046 3275 revocata
1062 3222 1097 3276 et
1115 3206 1224 3277 exsul·

161 3316 244 3393 llata
257 3316 328 3407 illa,
344 3319 389 3393 de
402 3344 474 3420 qua
487 3321 597 3420 paulo
610 3336 692 3393 ante
706 3319 950 3405 meminimus,
967 3319 1108 3394 indulta
1125 3320 1224 3392 nobis

162 3433 336 3511 redelindi
352 3435 508 3510 licentia.

201 3660 231 3719 l.
255 3655 391 3717 L’auteur
409 3675 440 3715 ee
458 3670 572 3736 trompe
588 3677 639 3716 sur
654 3657 683 3714 le
702 3656 767 3714 titre
785 3675 825 3714 ou
845 3658 990 3734 pentetre
1011 3658 1108 3715 meme
1127 3658 1224 3716 surlet

160 3744 303 3809 toucuon
317 3748 357 3809 du
371 3768 562 3829 personnage.
578 3754 619 3810 Le
631 3749 757 3809 vice-roi
776 3748 813 3807 de
825 3749 995 3807 Ronssillon
1011 3771 1049 3809 en
1069 3755 1149 3810 taos
1164 3751 1227 3809 erait

160 3841 233 3901 lun
246 3840 283 3901 ‹lo
297 3843 384 3911 tois,
402 3856 497 3903 comte
511 3843 548 3901 de
565 3843 691 3906 &adele
708 3856 737 3900 et
754 3843 850 3920 capul
865 3842 902 3901 de
915 3843 996 3900 Buch
1014 3866 1023 3900 :
1040 3844 1062 3901 ll
1081 3843 1226 3901 faurdonc

161 3950 219 4011 que
234 3932 262 3995 la
276 3936 409 4015 murreus
426 3936 463 3997 ‹le
476 3938 624 3998 clermont
641 3936 682 3995 ait
694 3936 739 3994 ete
758 3937 919 3996 seulement
932 3936 1095 3996 lieutenant
1108 3937 1225 3998 delean

162 4020 200 4085 tle
217 4027 303 4097 tota.
319 4050 359 4089 ou
373 4028 440 4091 bion
456 4050 641 4111 gouverneur
656 4051 694 4090 en
717 4030 782 4089 titre
800 4031 836 4089 de
858 4030 1035 4109 Perpignan.
1056 4032 1081 4089 ll
1100 4052 1175 4090 unns
1186 4043 1225 4089 est

162 4110 308 4179 t'allteurs
319 4120 485 4203 impossible
498 4123 535 4183 de
547 4123 612 4183 dire
624 4123 668 4181 s'il
685 4123 769 4201 s'agit
788 4120 859 4182 d’un
879 4125 1014 4201 seignmr
1030 4125 1068 4183 de
1084 4126 1225 4185 Clermont

161 4220 200 4267 On
214 4208 378 4303 Melini.
391 4234 431 4277 ou
445 4213 516 4275 d'un
528 4212 819 4275 clermont-[odere.
