2946 5070
207 490 264 544 Μ
478 487 734 544 utsrottlaatttt
755 487 933 546 mnovtcl
951 487 993 543 xl

204 618 367 713 martyris
384 617 573 715 coepissent
594 615 788 709 abstinere,
809 643 884 691 sese
900 620 939 690 in
962 640 1075 688 unum
1099 628 1263 710 cogentes

203 733 320 830 stipati
336 748 555 806 armatorum
570 734 797 807 multitudine
812 736 1033 834 (plusquam,
1048 747 1089 803 ut
1108 729 1263 820 aiebant,

203 847 396 944 trecentis),
416 864 638 920 accesserunt
657 848 705 922 ad
724 850 845 922 locum
866 849 1099 948 capitularem
1123 846 1266 942 majoris

202 963 375 1055 ecclesiae,
398 962 461 1035 ubi
477 965 662 1036 universus
677 965 793 1037 clerus
820 979 907 1037 tunc
924 964 1058 1037 aderat.
1077 963 1163 1052 Qui,
1194 977 1267 1035 tan·

203 1099 312 1174 quam
344 1078 533 1152 frementes
553 1079 673 1152 bestie
696 1096 733 1152 et
756 1081 879 1153 leones
908 1080 1099 1175 rugientes,
1131 1077 1265 1149 clerum

202 1194 365 1291 adjurare
380 1211 486 1294 atque
505 1196 726 1269 interminari
743 1212 928 1295 coeperunt
941 1196 1062 1293 quod,
1083 1195 1152 1266 nisi
1172 1194 1265 1265 illico

202 1335 322 1405 sacra,
342 1337 364 1386 a
384 1311 517 1410 quibus
538 1337 674 1386 cessare
697 1313 929 1400 inchoarant,
953 1325 1213 1385 reassumerent
1233 1323 1265 1381 et

201 1442 476 1523 exsequerentur
493 1428 598 1500 solito
613 1452 732 1518 more,
760 1454 887 1502 omnes
902 1453 965 1502 eos
980 1427 1115 1526 absque
1133 1426 1264 1497 miseri·

202 1542 326 1616 cordia
338 1545 569 1642 perimerent,
588 1567 785 1642 eorumque
804 1544 933 1617 domos
949 1559 986 1615 et
998 1541 1099 1616 bona
1115 1540 1265 1613 ruthen‘s

204 1657 281 1754 (qui
296 1674 382 1731 tunc
394 1659 543 1733 accincti
557 1659 665 1732 armis
673 1675 709 1732 et
718 1661 834 1732 contis
848 1661 920 1732 suis
932 1659 1082 1733 aderant
1094 1657 1143 1730 ad
1155 1656 1266 1730 caedes

201 1772 457 1870 perficiendas,
489 1774 608 1846 statim
634 1764 673 1846 ut
699 1774 749 1846 eis
764 1775 1011 1872 imperaretur,
1037 1773 1168 1871 parati)
1185 1771 1265 1842 diri·

200 1888 349 1985 piendas
364 1890 614 1963 contraderent
634 1913 677 1962 ac
689 1889 878 1962 donarent.
905 1893 988 1978 Quo
1004 1889 1087 1984 (nec
1116 1887 1263 1982 mirum)

200 2007 357 2101 percussi
369 2020 405 2077 et
412 2006 567 2077 exterriti
583 2019 700 2094 metu,
714 2005 776 2101 qui
791 2020 887 2078 certe
898 2004 1027 2076 merito
1045 2005 1083 2075 in
1099 2018 1264 2080 constan·

201 2120 375 2193 tissimum
387 2123 496 2194 etiam
511 2122 628 2192 virum
643 2119 770 2193 cadere
792 2120 983 2218 potuisset,
998 2118 1163 2191 videntes
1175 2120 1262 2217 peri·

200 2235 322 2307 culum
347 2262 422 2308 non
454 2237 714 2310 comminatum
748 2237 786 2307 in
815 2236 993 2325 futtuum,
1022 2235 1087 2307 sed
1114 2260 1264 2333 presens

200 2349 341 2443 adesse,
366 2354 481 2425 coacti
505 2368 606 2442 sunt,
633 2351 763 2426 talibus
786 2353 821 2424 vi
846 2378 888 2426 ac
916 2365 1013 2425 metu
1036 2350 1260 2447 urgentibtu,

199 2465 321 2541 divina
347 2470 546 2542 intermissa
566 2493 784 2543 reassumere
806 2495 873 2569 pro
896 2485 1075 2568 tempore,
1094 2468 1264 2567 aquibus

199 2598 319 2659 tamen
337 2587 457 2687 plures
476 2613 513 2661 se
533 2587 783 2679 absentarunt,
805 2612 870 2686 per
889 2589 978 2660 alios
998 2587 1152 2660 minoris
1172 2612 1263 2660 reve·

199 2703 320 2775 rentiae
335 2702 610 2802 hujusce[m0di]
628 2703 747 2778 officia
765 2701 888 2803 perfici
907 2705 1074 2776 sinentes.

247 2823 339 2894 Sane
364 2835 509 2920 postea,
536 2821 655 2892 surore
675 2837 870 2919 utcumque
901 2821 1100 2915 regentium
1127 2836 1260 2920 tempe·

199 2948 299 3028 rato,
323 2937 361 3007 in
385 2935 541 3007 ecclesiis
558 2935 655 3008 beati
679 2935 822 3008 Martini
844 2949 879 3006 et
895 2933 991 3008 beati
1007 2934 1177 3027 Joannis,
1197 2933 1260 3007 sub

199 3049 351 3124 obtentu
384 3052 595 3148 injuriarum
628 3074 718 3147 quas
749 3076 771 3124 a
798 3052 870 3122 suis
900 3051 1098 3149 prepositis
1129 3049 1261 3122 eisdem

199 3166 368 3239 dicebant
380 3168 542 3263 irrogari,
554 3168 600 3239 de
608 3167 806 3264 apostolico
822 3166 1013 3239 interdicto
1028 3167 1258 3258 conticentss,

199 3306 221 3355 a
236 3283 365 3354 divinis
382 3281 510 3354 officiis
525 3283 667 3381 penitirs
684 3296 858 3354 cessamm
876 3297 929 3354 est
943 3286 965 3352 ¹.
991 3281 1102 3370 Quod
1121 3282 1260 3353 nonita

199 3400 236 3469 in
254 3397 490 3469 conventibus
510 3402 672 3470 Fratrum
693 3395 973 3470 Mendicantium
993 3412 1028 3469 et
1053 3397 1131 3471 aliis
1150 3397 1260 3471 ecde-

199 3513 258 3584 siis
283 3513 432 3586 civitatis
457 3512 685 3586 observatum
709 3512 794 3604 tuit,
816 3513 879 3587 sed
903 3514 941 3585 in
964 3514 1014 3586 eis
1033 3513 1140 3586 solito
1162 3536 1259 3586 more

199 3628 341 3701 fuerunt
356 3628 478 3703 divina
494 3630 713 3702 continuata.

246 3748 436 3817 Tentarant
463 3759 498 3815 et
526 3746 751 3840 magistratus
781 3745 931 3818 civitatis
954 3747 1061 3819 etiam
1092 3746 1259 3821 inducere

238 3954 266 4010 t.
278 3949 439 4021 Matthaeus,
453 3948 525 4006 dans
538 3967 583 4006 ses
595 3949 789 4022 saumaticos,
802 3969 819 4008 a
833 3949 930 4030 publie
942 3971 982 4010 uu
991 3952 1112 4010 curieux
1126 3953 1259 4012 memoire

199 4047 216 4102 a
234 4045 390 4116 consulter,
408 4063 465 4122 que
483 4042 510 4101 le
523 4042 618 4121 cierge
631 4043 668 4101 de
688 4063 735 4102 ces
749 4043 826 4103 deux
844 4045 945 4124 eglises
960 4047 991 4104 fit
1006 4045 1118 4126 rediger
1135 4050 1218 4128 apres
1234 4047 1257 4105 la

198 4141 312 4198 rentree
325 4138 362 4198 de
376 4138 527 4215 Fereque,
543 4155 618 4216 pour
631 4139 726 4196 sarcir
739 4139 762 4197 si
776 4139 913 4198 l’intcrdit
929 4140 998 4198 e'tait
1010 4141 1098 4199 retine
1110 4143 1171 4218 ipso
1184 4145 1258 4219 facto

199 4237 314 4294 banse
326 4234 365 4292 de
376 4250 429 4292 son
443 4240 552 4293 retcm.
