2946 5070
590 493 701 550 uum
719 490 869 550 rmmts.
1207 491 1266 548 315

201 624 394 698 haberetur
412 624 480 697 nos
496 623 617 697 adhuc
638 625 675 695 in
694 622 1085 723 humanissuperstites
1101 636 1263 715 manere,
1392 678 1397 685 .

201 739 370 812 omnibus
394 741 478 812 viris
490 739 603 812 'bonis
626 753 662 811 et
678 739 766 812 odio
788 754 871 811 sunt
888 737 1020 833 hahiti,
1044 753 1080 812 et
1098 740 1196 812 velut
1213 740 1266 811 in·

199 857 277 933 sani
292 874 328 932 et
344 859 429 933 latui
451 858 832 956 ludibriopatuerunt.

248 978 341 1048 Sane
350 998 434 1048 cum
446 974 543 1075 apud
553 974 722 1047 basileam
732 975 886 1075 spatium
896 974 1073 1046 mensium
1084 998 1145 1046 ser
1156 987 1268 1048 nans·

199 1094 416 1188 egissemus,
444 1106 480 1163 et
507 1091 714 1190 pervulgata
739 1088 874 1187 ubique
902 1091 997 1163 sama
1019 1089 1148 1163 factam
1175 1092 1268 1165 lnter

200 1233 320 1304 regem
339 1224 373 1280 et
398 1207 691 1304 Burgundionum
710 1207 839 1280 ducem
864 1206 961 1306 apud
981 1211 1175 1280 Peronam¹
1191 1234 1267 1317 pa·

199 1348 280 1395 cem
296 1324 460 1394 omnium
474 1347 538 1395 ora
553 1323 769 1422 compleret,
793 1323 1267 1422 sperantes-ipsiusobtenm

200 1438 330 1511 nostris
344 1439 450 1512 malis
460 1438 658 1511 remedium
675 1439 824 1511 allatum
839 1462 917 1511 esse
925 1437 1058 1517 dehere
1066 1462 1081 1532 ,·
1091 1440 1138 1512 ad
1151 1455 1268 1539 partes

201 1554 395 1628 Brahantiae
410 1570 449 1627 et
462 1555 737 1628 illustrissimum
752 1556 951 1654 principem
971 1557 1268 1652 Burgundionum

201 1670 349 1764 ducem,
376 1672 498 1745 relicta
527 1671 680 1764 basilea,
705 1692 779 1775 ¹nos
808 1671 1025 1744 contulimus
1033 1677 1056 1766 ⁸,
1086 1673 1269 1771 sperantes

200 1789 276 1886 ejus
289 1790 502 1889 patrocinio
532 1788 630 1901 apud
655 1806 776 1884 regem
799 1789 1098 1862 reconciliationis
1119 1791 1267 1886 gratim

200 1929 304 2004 posse
321 1907 494 1998 invenire,
515 1906 563 1977 ad
574 1928 684 2001 quem
700 1912 837 1978 tantam
851 1905 1136 1983 benevolentiam
1150 1907 1268 1979 verbis

202 2023 372 2121 lactisque
388 2038 476 2096 tunc
495 2046 557 2093 rex
572 2021 706 2094 habere
731 2046 769 2094 se
789 2020 991 2115 indicabat,
1013 2036 1053 2094 ut
1081 2047 1267 2121 nunqnam

201 2141 296 2233 inter
313 2140 407 2213 duos
430 2141 570 2238 aliquos
596 2141 776 2239 principes
796 2141 950 2236 majores
973 2140 1136 2213 anucitiae
1156 2164 1269 2215 nexus

201 2256 306 2329 firisse
323 2271 547 2357 putarentur,
568 2256 727 2352 nihilque
744 2256 896 2327 omnino
914 2255 1050 2350 dehis,
1067 2280 1146 2353 quse
1159 2257 1206 2328 ab
1222 2281 1267 2329 eo

200 2373 298 2447 idem
330 2374 405 2446 dux
435 2377 616 2473 posceret,
644 2372 713 2445 sihi
744 2372 856 2447 abnui
880 2392 985 2472 posse
1013 2373 1205 2469 Jactamtu'r
1229 2374 1266 2445 in

201 2491 338 2587 vulgus.
359 2491 473 2588 lpsius
489 2491 617 2586 itaque·
634 2476 858 2562 illustrissimi
880 2489 982 2560 ducis
997 2489 1190 2588 implorato
1207 2514 1268 2562 au·

200 2607 285 2679 silio
298 2606 396 2704 apud
406 2604 635 2698 Gandavum,
650 2605 793 2678 fortuna
809 2630 919 2703 quarn
930 2606 1183 2681 inveneramus
1199 2605 1267 2678 slhi

201 2726 379 2823 exposita,
395 2738 432 2795 et
444 2746 521 2796 'ase
535 2722 790 2818 benignissime
803 2723 938 2814 audita,
958 2746 1023 2795 sua
1041 2717 1265 2796 humanitate

202 2841 423 2939 permaxima
444 2839 634 2937 epistolas,
656 2839 811 2911 humiles
832 2862 900 2938 pro
916 2837 1022 2911 nobis
1042 2839 1267 2921 continentes

202 2980 345 3054 preces,
365 2957 439 3054 ipse
456 2954 503 3028 ad
511 2977 636 3053 regem
655 2978 720 3052 per
737 2942 1090 3026 unum'secretarium
1108 2953 1218 3025 semel
1233 2967 1268 3025 et

202 3072 312 3144 altera
329 3073 408 3142 vice
424 3070 635 3144 destinavit:

252 3186 393 3275 Quibus
413 3211 495 3258 cum
514 3210 590 3257 non
609 3185 721 3257 modo
742 3184 832 3257 nihil
855 3184 1034 3258 emollitus
1061 3200 1123 3258 aut
1143 3187 1266 3285 propi-

203 3300 412 3398 tius-magis,
439 3301 502 3374 sed
521 3303 642 3399 potius
659 3302 813 3399 amplius
837 3300 1067 3373 exacerbatus
1084 3315 1120 3373 et
1142 3301 1268 3376 durior

205 3432 311 3515 atque
326 3419 451 3489 saevior
464 3417 684 3509 redderetur,
700 3441 767 3490 nec
780 3417 898 3490 laxare
912 3441 1166 3514 germanomm
1180 3442 1268 3491 nos-

204 3549 342 3606 trornm
366 3534 626 3626 detentionem,
655 3535 778 3605 arresti
801 3547 840 3605 et
859 3535 1129 3633 proscriptionis
1146 3535 1267 3607 adhuc

206 3650 445 3722 incommodis
458 3649 688 3739 allectorum,
708 3650 884 3727 ullatenus
901 3636 1027 3745 vellet,
1043 3653 1143 3724 veritl
1159 3676 1218 3743 ne,
1238 3650 1267 3723 ai

207 3768 483 3866 importuniores
500 3792 672 3861 esserum,
690 3767 825 3841 eisdem
842 3771 1018 3865 germanis
1032 3760 1162 3842 nostris
1175 3769 1265 3840 ulte·

206 3885 280 3955 rior
297 3870 547 3984 importunitas
562 3884 708 3957 exitium
730 3885 956 3983 importaret,
981 3887 1133 3982 ingenti,
1152 3908 1266 3981 quan·

248 4155 279 4211 l.
302 4154 339 4212 lh
353 4150 472 4211 octobre
486 4153 577 4211 tuta.
592 4154 688 4230 loyes
702 4162 723 4210 t.
739 4154 780 4228 11,
795 4172 825 4232 p.
843 4154 913 4212 189.

249 4253 279 4310 2.
301 4255 347 4310 Au
358 4261 605 4311 commencement
616 4249 654 4310 de
666 4249 781 4310 l’anne‘e
796 4253 887 4313 tata.
