2946 5070
375 438 379 446 ’
461 480 572 537 mem
592 478 795 536 strennos.
898 453 906 468 '
1105 477 1163 535 ast

101 612 285 688 consortio
303 625 422 687 tamen
448 625 485 685 ct
508 609 665 684 consiliis
690 608 947 685 advocatorum
976 609 1063 710 (qui
1089 637 1165 687 non

100 726 200 801 aliud
215 743 397 828 aucupant
412 742 448 801 et
472 726 625 825 gestiunt
647 749 757 823 quam
777 750 890 800 novas
910 726 1071 823 quotidie
1088 727 1166 802 lites

100 846 286 919 consulere
302 861 340 920 ct
354 844 583 944 promovere)
598 858 634 917 et
649 868 692 917 cx
706 842 916 940 hujusmodi
930 868 1057 917 eorum
1077 869 1165 921 con·

100 962 214 1058 tag'o,
234 986 306 1033 suae
321 961 455 1034 vitiosae
472 985 515 1034 ac
534 984 651 1058 pravae
668 959 891 1035 inclinationi
906 974 1163 1056 consentaneo,

99 1103 290 1177 erroreque
311 1080 362 1151 eis
382 1090 548 1176 pergrato
570 1074 733 1175 pluribus
748 1075 867 1148 adhuc
888 1099 953 1173 per
979 1099 1042 1147 eos
1060 1091 1096 1148 et
1111 1076 1168 1148 in·

99 1193 208 1267 finitis
225 1219 325 1295 paene
348 1194 470 1266 litibus
492 1208 528 1264 et
554 1190 809 1291 quaestionibus
832 1192 1037 1291 implicatur
1059 1207 1166 1290 atque

98 1311 304 1384 involvitur.

99 1470 102 1481 v
147 1429 209 1500 His
229 1442 265 1500 et
277 1453 364 1521 nos,
396 1428 485 1499 dum
502 1427 540 1499 in
563 1425 750 1526 provincia
771 1451 935 1520 eramus,
966 1441 1165 1525 nostraeque

97 1544 249 1618 ecclesiae
279 1544 523 1643 procurationi
547 1567 591 1617 ac
618 1542 917 1615 administrationi
942 1542 1166 1616 incumbere·

96 1685 192 1753 mus,
217 1659 366 1733 infinitis
387 1684 488 1758 paene
510 1656 742 1749 vexabamur,
766 1683 911 1731 necesse
931 1657 1105 1734 babentes
1125 1660 1163 1732 in

96 1776 265 1850 omnibus
285 1774 524 1849 tribunalibus
547 1776 667 1874 patriae
694 1790 945 1874 procuratores
969 1775 1103 1850 babere
1128 1792 1165 1851 et

96 1894 289 1968 advocatos
317 1892 385 1967 sub
418 1916 540 1966 annua
566 1893 760 1990 pensione,
796 1892 928 1991 quibus
953 1895 1019 1966 etsi
1048 1893 1165 1993 probe

96 2013 289 2108 quotannis
297 2037 362 2110 per
378 2025 519 2083 nostros
534 2025 641 2108 atque
650 2010 808 2107 legaliter
826 2010 1043 2112 stipendium
1056 2036 1162 2086 suum

95 2126 348 2218 exsolveretur,
368 2124 628 2197 nonnullorum
656 2139 776 2198 minen
803 2126 884 2198 talis
907 2139 984 2198 crat
1010 2123 1100 2198 fides
1123 2139 1164 2198 ut

95 2241 285 2313 adversum
310 2265 395 2335 nos,
416 2241 445 2313 si
461 2264 533 2338 qua
543 2239 605 2313 ‘via
618 2240 757 2314 occulte
770 2256 956 2341 poterant,
975 2240 1032 2313 vel
1049 2265 1163 2316 novas

95 2355 174 2429 lites
197 2356 403 2448 consulere,
423 2356 498 2449 vel,
517 2353 566 2429 ab
581 2355 791 2431 adversariis
808 2358 919 2455 gratia
935 2356 991 2432 vel
1008 2359 1161 2456 pecunia

95 2475 273 2573 corrupti,
297 2475 347 2547 eis
368 2474 544 2573 impartiri
573 2474 712 2547 favores
736 2476 885 2549 minime
911 2475 1157 2551 formidarent.

95 2592 198 2664 Unde
224 2592 412 2666 eveniebat
438 2607 479 2664 ut
502 2616 689 2689 nunquam
717 2591 828 2666 scrme
858 2616 973 2666 oausae
994 2593 1157 2691 alicujus,

94 2709 322 2804 quantumvis
356 2709 459 2805 justa
491 2722 527 2779 et
560 2707 745 2781 manifeste
779 2706 1018 2803 rationabilis,
1048 2707 1159 2784 finem

92 2847 394 2922 consequeremur
417 2823 601 2914 votivum;
626 2823 688 2895 sed
716 2823 864 2897 infinitis
883 2850 985 2924 paene
1008 2826 1159 2900 involuti

92 2933 215 3007 litibus
228 2959 272 3008 ac
284 2934 526 3034 processibus,
546 2950 581 3006 et
598 2934 778 3008 veteribus
793 2936 905 3034 etqui
919 2936 1158 3011 nascebantur

91 3049 198 3122 nobis
218 3051 397 3149 quotidie,
420 3049 487 3123 sub
509 3049 639 3124 talibus
659 3050 914 3124 molestissimis
936 3053 1030 3126 curis
1052 3056 1157 3128 anxie

91 3164 350 3262 langueremus.
380 3171 529 3266 Propter
555 3166 655 3264 quod
681 3167 809 3264 gratias
832 3191 979 3264 magnas
994 3172 1072 3243 Deo
1089 3195 1157 3244 nos

90 3281 222 3356 debere
238 3298 508 3380 cognoscentes,
523 3283 720 3382 plurimum
735 3283 864 3356 exinde
876 3283 1035 3357 solamur
1047 3300 1155 3383 atque

89 3399 321 3495 gramlamur,
344 3415 380 3472 et
396 3415 525 3473 nostrae
551 3397 791 3472 tribulationis
808 3399 952 3499 pondus
975 3402 1151 3499 levamus,

90 3515 189 3614 quod
205 3515 336 3588 talibus
355 3516 470 3590 litium
488 3533 525 3590 et
547 3539 737 3591 causarum
757 3517 873 3590 anxiis
888 3517 1064 3617 nobisque
1081 3521 1153 3595 dis·

89 3631 350 3730 plicentissimis
382 3632 497 3722 curis,
534 3630 758 3730 nexibusque
792 3648 896 3707 cartae
935 3635 1051 3728 illius,
1075 3637 1152 3709 imo

88 3749 207 3821 verius
235 3747 388 3822 carceris
420 3748 739 3822 Normannorum¹
766 3747 870 3823 liberi
901 3765 937 3823 ct
967 3753 1149 3851 exempti,

87 3888 186 3937 nunc
207 3864 273 3938 Dei
298 3862 543 3938 misericordia
559 3887 747 3937 manemus
769 3878 805 3936 et
830 3890 953 3938 summ
980 3891 1064 3938 cum
1088 3891 1150 3941 ne-

87 3965 202 4076 mine,
222 3981 351 4078 gratias
371 3984 473 4071 Deo,
493 3979 593 4054 litem
610 4003 875 4079 quamcumque
889 4006 953 4056 seu
967 3983 1149 4081 querelam

127 4219 156 4274 l.
179 4218 276 4291 ches
288 4214 452 4290 ci·dessus,
467 4235 498 4294 p.
515 4216 584 4274 373.
