2946 5070
595 517 707 573 LIBER
723 518 875 575 SEXTUS.
1235 524 1271 579 tv

210 645 317 718 etiam
338 644 492 744 oppida,
515 660 622 744 prout
646 649 890 746 unusquisque
913 647 982 721 sibi
1009 652 1120 747 magis
1136 676 1271 751 oppor-

210 778 339 835 tunum
353 761 583 858 existimavit,
602 788 677 838 sese
688 763 907 837 effuderunt.
955 794 958 806 ·

258 884 325 953 Iste
349 880 415 953 fuit
441 879 613 953 infaustus
638 895 744 980 atque
761 881 1019 956 infelicissimus
1041 883 1117 956 dies
1138 886 1270 960 civitati

207 995 437 1091 Trajecteusi,
456 1021 554 1094 quae,
577 999 702 1097 procul
729 996 862 1093 dubio,
890 1000 1080 1097 evestigio
1096 1025 1140 1071 ex
1162 1000 1269 1073 liber·

208 1114 279 1183 tate
302 1126 338 1182 et
361 1112 609 1185 florentissimo
627 1128 741 1206 statu,
757 1115 794 1186 in
809 1139 937 1212 quem,
956 1114 1020 1187 diu
1034 1141 1184 1188 manens
1201 1118 1269 1189 sub

206 1227 355 1323 legitimi
378 1229 529 1326 pastoris
556 1244 592 1301 et
618 1231 790 1330 principis
818 1232 872 1302 sui
901 1232 1073 1329 imperio,
1100 1251 1269 1331 provecta

207 1345 409 1438 exstiterat,
436 1344 504 1416 sub
531 1348 751 1444 tyrannicam
773 1363 985 1448 potestatem
1012 1365 1046 1421 et
1077 1351 1269 1425 infelicissi-

207 1480 305 1531 mam
326 1460 528 1535 servitutem
544 1476 596 1533 est
612 1462 766 1535 redacta.
788 1463 912 1536 Paucis
928 1466 1024 1569 enim
1045 1480 1126 1565 post
1141 1465 1269 1540 diebus

206 1575 362 1669 effluxis,
379 1579 453 1678 ipse
465 1578 633 1651 dominus
649 1579 694 1651 de
707 1579 928 1674 Monteforti,
941 1582 1004 1677 qui
1021 1606 1123 1655 suam
1133 1584 1268 1675 ,modo

205 1717 281 1791 quo
315 1693 558 1792 prediximus,
588 1695 830 1770 vindicaverat
861 1712 1091 1795 potestatem,
1120 1714 1161 1775 ut
1187 1726 1267 1775 eam

206 1834 317 1885 mauu
356 1812 499 1884 militari
530 1811 703 1904 firmaret,
737 1813 851 1885 sciens
878 1814 1063 1887 molimina
1091 1840 1155 1889 sua
1192 1842 1266 1889 non

205 1927 318 2001 modo
334 1928 488 2027 expulsis
509 1928 668 2023 civibus,
684 1950 809 2002 verum
825 1945 862 2002 et
877 1931 1038 2029 plurimis
1054 1957 1096 2004 ex
1112 1933 1188 2026 his,
1205 1936 1268 2032 qui

204 2046 301 2119 intus
324 2060 585 2139 remanserant,
605 2044 834 2120 vehementer
852 2045 1055 2145 displicere,
1086 2050 1268 2123 accersivit

203 2173 312 2255 atque
333 2159 466 2231 invexit
490 2160 529 2231 in
556 2159 734 2231 civitatem
760 2182 928 2255 magnam
953 2159 1165 2258 praedonum
1190 2185 1266 2234 ma·

203 2302 312 2369 num,
341 2300 434 2374 quos
464 2278 649 2352 Teutonici
682 2275 847 2350 rutheros
877 2278 1077 2377 appellant,
1110 2303 1266 2377 quorum

204 2409 302 2467 metu
318 2409 425 2492 atque
441 2396 548 2468 armis
564 2395 692 2467 misera
704 2394 827 2466 civitas
843 2416 1012 2493 oppressa
1029 2394 1201 2493 respirare
1227 2396 1266 2466 in

202 2511 369 2584 amissam
394 2510 593 2593 libertatem
620 2534 694 2582 non
722 2508 882 2583 auderet.
909 2509 1079 2580 Misemm
1103 2509 1265 2608 prolecto

203 2641 279 2700 erat
304 2641 381 2700 tum
404 2627 526 2700 videre
553 2625 794 2726 spectaculum
816 2625 1021 2698 :civitatem
1048 2625 1157 2724 paulo
1182 2642 1264 2700 ante

202 2743 380 2842 insignem
397 2759 433 2818 et
451 2744 585 2816 civium
605 2741 874 2816 honorabilium
890 2739 1118 2815 multitudine
1139 2744 1266 2842 copio-

201 2855 296 2953 sam,
312 2859 525 2959 praedonum
535 2873 572 2932 et
579 2858 829 2929 vilissimorum
842 2856 1124 2930 latrunculorum
1136 2880 1265 2953 magna

201 2988 289 3047 tuuc
308 2975 560 3048 numerositate
585 2974 750 3045 refertam
771 2987 877 3071 atque
902 2971 1104 3072 oppletam;
1132 2972 1194 3044 sed
1218 2974 1263 3046 ad

202 3091 384 3163 silentium
398 3092 493 3163 cives
511 3091 659 3162 miseros
685 3087 850 3185 adigebat
870 3103 996 3160 metus.
1024 3092 1052 3158 E
1068 3087 1198 3184 quibus
1215 3104 1265 3162 ta·

202 3231 307 3306 men,
328 3231 371 3279 ex
395 3206 536 3306 plebeia
550 3204 674 3298 turba,
695 3204 839 3304 plurimi
859 3219 960 3277 erant
980 3202 1110 3301 quibus
1126 3229 1168 3277 ea
1184 3230 1263 3303 per·

201 3322 360 3396 turbatio
378 3338 476 3419 grata
496 3337 595 3413 erat,
620 3322 671 3393 eis
686 3321 863 3421 praecipue
879 3321 993 3419 quiin
1009 3346 1114 3393 suum
1130 3323 1264 3422 episco

203 3465 290 3539 pum
315 3439 401 3512 odio
423 3439 607 3513 acerbiore
631 3436 853 3527 serebantur,
883 3438 945 3535 qui
967 3438 1081 3510 metiri
1109 3453 1144 3510 et
1163 3464 1263 3537 aequa

201 3557 304 3631 lance
328 3556 484 3654 pendere
510 3554 732 3647 nesciebant,
761 3554 797 3626 in
821 3569 954 3650 quanta
980 3555 1073 3626 mala
1094 3569 1130 3626 et
1153 3579 1261 3653 quam

201 3674 440 3748 miserabilem
453 3674 658 3747 servitutem
675 3699 718 3745 ex
736 3673 855 3771 priore
871 3670 1032 3745 libertate
1050 3687 1085 3743 et
1100 3674 1261 3745 omnium

201 3815 320 3864 rerum
342 3791 544 3890 opulentia,
566 3813 675 3887 quam
694 3814 760 3860 suo
776 3803 940 3886 parentes
955 3788 1105 3861 domino
1125 3786 1261 3861 habue-

200 3922 300 4001 rant,
319 3906 537 3980 recidissent.
564 3905 667 3978 Unde
690 3903 879 3978 indiscreta
898 3905 1022 3977 talium
1043 3902 1164 3991 turba,
1183 3904 1262 4000 qui·

199 4021 269 4097 bus
287 4038 326 4095 et
343 4022 468 4096 odium
484 4022 622 4095 domini
646 4023 722 4113 sui,
741 4036 777 4093 et
799 4020 982 4094 hebetudo
1010 4019 1139 4093 mentis
1160 4019 1265 4092 ratio·

201 4141 256 4214 nis
263 4155 399 4214 rectum
412 4140 587 4237 judicium
602 4140 744 4239 penitus
755 4138 1024 4232 obtundebant,
1043 4139 1080 4210 in
1093 4137 1262 4211 eumdem
1303 4190 1306 4197 -

201 4259 376 4356 optimum
392 4272 571 4358 pastorem
593 4282 699 4331 suum
721 4259 844 4332 omnia
861 4257 996 4358 probra
1013 4271 1050 4329 et
1073 4255 1262 4331 maledicta
