2946 5070
170 484 228 541 aar
599 480 821 549 momen„
921 434 925 443 ⁸

170 615 312 706 vatorie,
330 615 392 711 qui
413 616 461 688 ait
476 613 633 711 (Manu,
650 614 696 709 X)
713 636 723 684 t
743 641 759 682 r
778 613 814 683 Si
828 635 893 683 vos
908 611 1086 709 persecuti
1108 609 1236 682 fuerim

170 731 208 804 in
226 753 298 801 una
313 731 468 819 civitate,
488 729 595 825 sugite
611 729 648 799 in
665 729 784 800 aliam.
803 727 869 797 »Si
882 727 979 797 enirn
994 723 1236 796 universaliter

170 860 385 946 potestatum
408 846 590 943 praeceptis
612 861 648 918 et
675 845 811 942 absque
831 843 906 916 ullo
931 843 1075 914 delectu
1099 867 1236 940 semper

171 962 413 1037 obediendum
431 977 535 1056 esset,
557 986 743 1059 nunquam
760 963 861 1034 locus
876 961 1021 1033 daretur
1042 962 1082 1031 in
1098 985 1172 1058 quo
1188 975 1237 1033 ta·

172 1079 260 1151 lium
279 1080 568 1178 persequentium
585 1093 647 1150 aut
663 1078 827 1177 persequi
848 1078 1051 1150 curantium
1070 1078 1235 1149 saevitiam

172 1207 279 1288 atque
294 1190 520 1289 tyrannidem
538 1189 717 1262 declinare
734 1189 867 1282 liceret,
886 1204 923 1260 et
941 1190 992 1262 sic
1008 1190 1160 1261 omnino
1174 1213 1234 1259 va·

172 1332 281 1380 cuum
309 1322 415 1404 atque
434 1308 541 1382 inane
569 1306 777 1380 redderetur
796 1321 1014 1406 praeceptum
1033 1308 1145 1377 nostri
1170 1309 1234 1376 ne-

173 1423 380 1522 demptoriS,
399 1423 498 1521 quod
516 1449 589 1495 non
607 1423 719 1495 modo
735 1422 860 1515 verbo,
880 1422 942 1493 sed
961 1447 1072 1520 opere
1093 1437 1127 1493 et
1145 1421 1235 1493 iacto

173 1539 247 1637 ipse
259 1537 463 1638 praedicavit
477 1552 513 1610 et
525 1536 662 1610 docuit.
682 1541 785 1626 Nam,
799 1552 839 1608 nt
852 1559 992 1609 sacrum
1007 1536 1236 1632 Evangelium

174 1654 296 1741 refert,
324 1656 398 1753 ipse
422 1654 460 1727 in
487 1653 623 1727 somnis
640 1678 707 1752 per
733 1652 899 1748 angelum
921 1652 1054 1751 Joseph
1074 1655 1238 1751 praeoepit

173 1770 321 1843 dicens:
345 1799 363 1839 κ
381 1773 493 1866 Surge
508 1785 544 1844 et
565 1771 686 1867 accipe
703 1794 855 1868 puerum
870 1783 906 1839 et
926 1783 1081 1839 matrem
1097 1770 1187 1864 ejus,
1205 1784 1237 1839 et

176 1887 255 1983 iuge
272 1888 309 1958 in
326 1892 537 1987 AEgyptum,
556 1900 705 1981 estoque
725 1883 777 1957 ibi
799 1885 916 1957 donee
936 1883 1057 1956 dicam
1080 1883 1159 1955 tibi.
1180 1889 1241 1954 Fu-

174 2019 294 2076 turum
311 2019 362 2076 est
374 2005 471 2076 enim
483 2015 522 2075 ut
538 2003 698 2075 Herodes
713 2017 848 2099 quaerat
860 2026 1013 2100 puerum
1029 2002 1078 2075 ad
1094 2001 1240 2100 perdeu·

175 2123 275 2194 dum.
298 2152 315 2189 n
342 2121 446 2193 Unde
460 2119 545 2193 dicti
562 2120 705 2219 tyranni
722 2120 889 2192 saevitiam
905 2143 974 2217 pm
993 2120 1110 2190 nostri
1126 2119 1240 2189 erudi·

176 2240 273 2310 tione
287 2236 461 2326 devitans,
483 2238 553 2308 illic
569 2238 699 2310 mansit
715 2261 828 2333 usque
843 2236 890 2308 ad
909 2233 1052 2306 obitum
1066 2234 1238 2331 ejmdem.

225 2353 410 2452 Apostoius
424 2354 532 2425 etiam
550 2354 680 2426 Paulus
690 2365 959 2451 persecutorum
972 2351 1161 2423 declinans
1177 2353 1242 2422 im·

176 2470 335 2567 pietates,
353 2468 553 2569 perfugam
564 2470 633 2542 sibi
645 2471 823 2570 sapienter
831 2468 1026 2560 consuluit,
1041 2493 1128 2539 cum
1142 2470 1243 2539 sciret

177 2586 405 2683 pnepoeitum
425 2587 589 2656 Damasci
612 2586 658 2658 ad
678 2609 812 2686 peenas,
825 2584 1071 2683 suppliciaque
1091 2609 1132 2654 se
1148 2608 1244 2654 com·

177 2701 400 2799 prehendere
424 2702 528 2774 veile.
559 2707 683 2774 Petrus
710 2705 816 2775 etiam
842 2702 1041 2801 apostolus,
1070 2727 1158 2773 cum
1183 2727 1245 2799 per

178 2816 355 2889 Herodem
378 2819 416 2889 in
439 2842 618 2891 carcerem
645 2819 868 2916 ierosolymis
888 2808 1006 2889 numu
1026 2818 1149 2888 suimet
1169 2820 1245 2915 aqui

177 2953 262 3000 euru
275 2929 419 3001 volebat
437 2929 487 3002 ad
500 2930 675 3028 supplicia
690 2930 737 3002 de
753 2955 798 3002 eo
813 2930 988 3002 sumenda
1007 2945 1092 3027 post
1114 2931 1245 3027 pascha

178 3040 316 3139 populo
330 3042 485 3115 velutad
499 3043 741 3141 spemeuum
754 3042 1000 3114 exhibendum
1011 3041 1243 3140 producere),

179 3179 243 3253 per
263 3154 430 3251 angelum
452 3159 519 3230 Dei
543 3159 700 3229 monitus
720 3173 828 3254 atque
848 3158 1012 3252 adjutus,
1040 3182 1187 3228 mttere
1210 3181 1246 3227 se

178 3271 306 3368 eripuit
324 3286 360 3343 et
377 3272 512 3346 eduxit.
535 3277 661 3346 Noster
675 3274 783 3345 etiarn
803 3272 1034 3370 Redemptor,
1052 3298 1141 3342 cum
1156 3297 1247 3342 non-

178 3381 1015 3484 dumadreuimettempusethorainqm,
1045 3386 1247 3457 seeundum

178 3513 432 3573 utemumsuae
443 3501 686 3599 depositionis
696 3503 899 3591 consilinm,
915 3525 985 3600 pro
998 3502 1248 3601 redemptione

180 3630 301 3689 nostra
327 3632 480 3690 mortem
511 3617 614 3689 obire
638 3631 674 3690 et
702 3619 819 3689 oruc'ss
846 3617 1004 3714 perterre
1028 3620 1247 3715 suppticimn

179 3730 389 3818 destinarat,
411 3733 891 3821 &mmmmm
907 3758 992 3803 eum
1008 3735 1069 3804 vel
1085 3736 1249 3831 pmcipi-

181 3861 253 3920 tere
268 3848 315 3919 de
328 3850 675 3946 orontissupermiio,
690 3848 943 3946 teliapidibus
954 3865 1127 3946 oppetere
1140 3865 1268 3957 atque,

180 3961 1282 4061 oontemoleuriunfflpeinsaertsevargffitsteginu·

180 4081 444 4176 perseeutione
466 4080 639 4153 devitasse
662 4095 772 4177 erepte
793 4082 977 4176 effigssse,
994 4107 1066 4153 uos
1084 4083 1249 4179 profecto

181 4194 358 4267 ioeuetens
372 4208 482 4292 mepte
501 4195 743 4293 prunum
756 4209 820 4285 ut,
835 4222 921 4268 en
935 4196 1044 4268 nobie
1063 4198 1157 4269 mim
1172 4224 1250 4296 per·
