2946 5070
212 498 272 555 tro
487 461 942 561 nurummnu.muouu
962 497 1005 553 xt

212 631 308 727 regni
353 629 575 728 provincias,
616 653 683 726 pro
716 653 782 701 suo
821 653 1115 728 unamquamque
1146 633 1270 726 modo,

211 747 356 819 adauxit
375 762 411 818 et
426 746 584 844 gravavit
595 749 618 816 ¹.
640 749 691 817 Ex
711 764 786 842 quo
802 759 964 820 secuttun
978 763 1034 820 est
1055 749 1175 846 quod,
1195 774 1273 823 cum

211 863 355 936 duobus
374 864 431 936 vel
444 856 559 934 tribus
574 863 678 935 annis
694 877 777 934 ante
795 861 935 934 obitum
949 888 1075 956 suum,
1088 865 1132 935 in
1148 865 1274 962 quibus

184 1052 187 1058 s
212 981 324 1055 dictas
348 983 398 1054 sic
423 977 667 1080 importabiles
700 979 876 1053 indixerat
901 981 1088 1076 collectas,
1117 984 1191 1079 agri
1216 1009 1275 1082 per

212 1099 342 1174 Gallias
359 1097 493 1196 ubique
512 1097 647 1177 steriles
670 1098 898 1190 exstitissent,
914 1112 951 1170 et
968 1124 1042 1197 prae
1060 1101 1205 1172 raritate
1218 1125 1276 1174 an·

213 1240 317 1290 nonae
350 1215 484 1314 ubique
506 1216 647 1288 caristia
673 1213 854 1314 famesque
881 1214 1001 1288 valida
1020 1233 1273 1315 grassarentur,

214 1332 306 1405 ultra
323 1347 468 1406 centum
492 1331 602 1403 millia
625 1331 818 1405 hominum
840 1330 933 1405 lame
958 1347 1065 1430 atque
1094 1334 1218 1432 inopia
1237 1316 1275 1407 in

214 1474 326 1547 regno
342 1447 535 1535 deficerent
545 1477 555 1535 ;
573 1471 640 1521 nec
658 1446 845 1547 pauciores
864 1447 949 1521 tabo
965 1472 1008 1522 ac
1022 1447 1082 1520 lue
1103 1450 1276 1549 variisque

213 1592 256 1639 ex
283 1565 376 1640 same
397 1579 432 1638 et
452 1564 602 1666 penuria
626 1562 748 1636 idonei
773 1563 934 1636 alimenti
964 1566 1156 1639 contractis
1180 1567 1274 1663 agri·

213 1682 412 1773 tudinibus,
430 1681 563 1756 mortui
581 1680 807 1755 reserrentur.

263 1807 314 1875 Ex
342 1802 562 1899 Normannia
590 1800 698 1873 etiam
730 1799 1003 1898 quamplurimi,
1041 1800 1173 1874 relictis
1202 1827 1278 1902 pro·

213 1921 299 2021 priis
320 1921 357 1992 in
382 1918 513 2016 quibus
537 1918 611 1992 nati
632 1930 735 1989 erant
749 1914 914 2007 sedibus,
939 1930 1017 1988 tum
1040 1916 1078 1988 in
1100 1917 1275 2014 Angliam,

214 2052 291 2117 tum
312 2038 349 2110 in
377 2037 595 2110 Britanniam
623 2048 659 2108 et
684 2056 972 2132 quaquaversum
992 2048 1179 2133 poterant,
1203 2035 1277 2107 ino·

214 2156 273 2254 pia
291 2154 488 2253 profligati,
519 2153 802 2249 transfugerunt,
829 2148 1018 2247 mtfltaeque
1040 2151 1150 2244 villae,
1179 2166 1277 2225 antea

214 2270 417 2373 populosae,
439 2270 578 2342 colonis
599 2294 839 2368 agrorumque
864 2269 1004 2341 cultum
1018 2269 1165 2368 privatae
1185 2283 1275 2342 sunt.

215 2388 259 2456 Et
288 2410 371 2456 cum
391 2384 466 2457 haec
491 2386 651 2483 piissimo
679 2386 753 2482 regi
770 2384 999 2477 reserrentur,
1024 2399 1278 2481 suggereretur

215 2504 306 2599 que¹
324 2500 393 2573 sibi
416 2502 601 2602 quatenus,
619 2527 730 2576 onera
755 2482 791 2574 et
815 2503 1039 2598 gravamina,
1068 2527 1148 2600 quae
1171 2490 1280 2604 impo-

214 2632 351 2711 suerat,
376 2614 550 2691 relaxaret
573 2635 636 2692 aut
655 2618 781 2692 saltem
803 2619 986 2716 aliquanto
1012 2619 1217 2708 minueret,
1236 2642 1277 2689 ne

214 2761 327 2808 unum
345 2735 492 2831 quidem
506 2735 693 2808 denarium
709 2750 899 2834 propterea
911 2733 1146 2807 relaxandum
1163 2734 1275 2822 duxit,

215 2851 428 2952 dicebatque
454 2853 572 2951 quod,
592 2853 622 2928 si
647 2851 796 2950 quidam
812 2876 854 2924 ex
869 2851 1007 2923 colonis
1028 2850 1086 2922 vel
1114 2851 1277 2923 aliorsum

216 2972 424 3069 migrarent,
444 2972 501 3044 vel
519 2985 762 3059 morerentur,
782 2969 882 3069 'quod
896 2970 991 3042 vices
1008 2993 1091 3042 suas
1107 2983 1276 3042 eteorum

215 3087 430 3181 absentiam,
458 3091 519 3186 qui
547 3101 771 3188 superessent
793 3086 953 3160 haeredes
972 3102 1035 3161 aut
1055 3087 1183 3180 vicini,
1201 3110 1277 3187 por·

215 3218 342 3277 tarent.

215 3419 384 3501 augmentes
404 3438 508 3477 encore
528 3418 564 3476 de
584 3421 691 3478 totto
709 3399 963 3491 livreslournois3
980 3432 1083 3477 etune
1099 3431 1183 3477 autre
1203 3418 1277 3497 piene

216 3510 256 3569 du
277 3513 384 3569 rectreil
407 3512 539 3590 Legrand
553 3515 592 3584 (t.
609 3511 728 3592 XXIX)
746 3512 803 3571 lire
814 3514 842 3571 le
854 3509 959 3570 chistre
980 3516 999 3569 t
1020 3515 1034 3571 I
1051 3514 1110 3569 132
1121 3515 1180 3570 274
1197 3512 1276 3570 livre

216 3623 292 3684 pour
304 3606 416 3664 l'annee
431 3609 505 3666 tuta
520 3628 527 3661 :
545 3607 642 3683 ecqui
659 3625 733 3666 nous
748 3609 852 3665 amede
864 3609 881 3663 a
895 3624 952 3684 peu
966 3606 1003 3664 de
1019 3604 1108 3664 chose
1120 3608 1188 3684 pres
1200 3609 1218 3663 t
1230 3604 1276 3663 l’l»

217 3701 363 3759 valuation
379 3699 416 3759 de
428 3700 550 3759 Thomas
564 3701 660 3759 Basim

177 3869 181 3876 .
258 3798 287 3852 l.
310 3799 440 3871 Bonamy
452 3814 470 3852 a
483 3795 592 3853 calcide
612 3816 668 3872 que
686 3795 728 3854 les
746 3794 853 3873 impdts
867 3795 918 3873 qui
933 3794 1039 3854 etaient
1056 3794 1094 3852 de
1110 3796 1146 3852 21
1158 3795 1276 3879 iuml

216 3890 304 3947 livres
325 3888 477 3963 (monnaie
499 3888 536 3946 de
554 3890 641 3948 Louis
663 3893 732 3962 XV)
755 3910 821 3948 sous
844 3890 961 3950 Charles
983 3892 1062 3968 v11,
1078 3888 1277 3948 monterenti

218 3988 320 4043 tutti
336 3988 392 4043 100
408 3984 494 4041 livres
509 4003 576 4041 sous
595 3984 682 4043 Louis
695 3988 755 4056 X13
770 4004 804 4044 ee
818 3985 868 4062 qui
883 3985 933 4042 tait
945 4004 1003 4042 une
1019 3984 1233 4062 augmentation
1245 3981 1277 4040 de

218 4081 304 4138 tuot
315 4081 374 4136 500
386 4078 483 4136 liures.
496 4077 816 4140 Memolresdel’dfld.
832 4077 883 4137 da
899 4083 991 4138 Inter.
1005 4091 1035 4136 et
1047 4077 1262 4138 Bello-lettres

218 4188 240 4229 t.
258 4175 392 4239 mn,
406 4192 437 4251 p.
453 4176 522 4232 tot.

257 4267 288 4326 ³·
310 4256 666 4344 ”iterumn-r·
770 4327 772 4333 .
