2946 5070
493 501 603 556 LIBER
621 496 824 558 SECUNDUS.
1136 491 1195 547 :tto

133 634 258 729 longas
288 633 500 709 dilationum
528 634 654 706 talium
682 658 801 706 moras
830 645 954 704 manet
974 653 1113 728 semper
1139 652 1196 700 eo·

134 753 239 824 clesia
262 777 329 823 suo
351 751 430 848 jure
455 750 623 850 spoliata,
646 777 688 825 ac
714 751 863 850 perinde
887 773 953 842 eo,
984 762 1067 848 post
1096 747 1195 844 longi

135 869 304 967 temporis
332 868 485 966 spatium
511 868 667 966 privata,
695 892 738 939 ac
756 868 785 939 si
801 882 926 940 contra
942 891 979 938 se
996 864 1195 962 judicatum

134 985 399 1082 dillinitumque
423 985 556 1058 suisset.

183 1105 254 1174 llas
274 1103 475 1198 angustias,
500 1102 566 1175 has
582 1102 801 1190 calumnias,
821 1101 889 1173 hos
913 1100 1018 1172 dolos
1034 1097 1198 1197 praelatos

132 1218 361 1291 ecclesiarum
388 1219 425 1290 in
446 1219 633 1316 provincia
656 1219 886 1291 Normanniae
902 1215 1079 1308 dietenus,
1104 1212 1197 1313 prob

132 1335 240 1409 dolor
255 1333 264 1405 l
282 1336 419 1434 perpeti
434 1351 469 1407 et
484 1350 611 1409 contra
633 1359 780 1407 omnem
793 1335 882 1431 juris
899 1333 1101 1406 communis
1124 1332 1197 1403 dis·

134 1452 370 1550 positionem,
389 1465 516 1523 contra
543 1452 689 1549 scriptas
711 1452 832 1550 patriae
851 1449 1145 1541 consuetudines,
1163 1463 1200 1521 et

133 1568 346 1639 inveteratos
374 1583 481 1665 atque
506 1569 667 1640 notorios
701 1594 784 1639 usus
816 1568 1036 1640 anteriorum
1062 1580 1198 1665 tempo

132 1709 231 1778 rum,
251 1686 351 1756 omni
364 1685 451 1779 juris
474 1685 606 1758 auxilio
626 1685 837 1772 destitutos,
859 1684 1032 1756 sustinere
1056 1706 1200 1754 necesse

133 1815 198 1872 est.
225 1800 334 1888 Quod
357 1800 537 1899 prolecto,
559 1803 588 1873 si
605 1802 692 1874 tales
710 1802 781 1873 sint
804 1799 952 1896 quibus,
972 1799 1024 1870 uti
1042 1821 1108 1898 par
1124 1795 1199 1870 esse

133 1915 298 2005 deberet,
329 1941 384 1987 res
411 1916 653 1988 ecclesiasticae
683 1931 719 1988 et
743 1931 1006 1989 sacramentum
1035 1913 1135 2010 quod
1160 1915 1198 1985 in

133 2057 197 2106 sua
214 2048 382 2132 praestant
397 2034 627 2132 promotione
658 2034 704 2106 de
733 2032 869 2106 tuendo
901 2046 937 2103 et
969 2030 1199 2103 defendendo

133 2173 278 2222 suarum
306 2151 534 2222 ecclesiarum
562 2152 661 2247 jura,
697 2166 805 2247 atque
831 2150 942 2222 decor
970 2146 1100 2225 domus
1132 2148 1199 2220 Dei

133 2289 225 2337 curae
251 2266 338 2358 sint,
366 2281 506 2338 tantum
530 2269 581 2338 eis
608 2268 793 2339 anxietatis
814 2282 852 2338 et
876 2264 1047 2337 moestitiae
1071 2263 1200 2360 ingerit

133 2394 194 2473 ut,
216 2382 283 2453 nisi
302 2382 426 2454 divino
442 2407 590 2454 munere
607 2384 883 2481 patientissimus
900 2381 1026 2483 aliquis
1041 2381 1196 2471 exsistat,

134 2510 248 2569 tantas
273 2498 420 2594 injurias
443 2513 549 2595 atque
575 2499 758 2571 molestias
782 2513 818 2569 et
838 2496 1112 2595 inquietissimas
1127 2510 1200 2567 tur·

132 2613 296 2688 bationes
309 2616 372 2687 din
390 2617 481 2688 ferre
498 2641 573 2689 non
592 2619 715 2714 possit.
734 2617 801 2686 Vix
815 2616 912 2687 enim
930 2614 1070 2708 aliquis,
1087 2635 1201 2709 quan-

133 2734 264 2804 tumvis
295 2732 607 2829 contemplationis
645 2745 785 2803 amator
822 2746 858 2802 et
894 2728 1065 2800 doctrinae
1098 2728 1199 2802 verbi

133 2850 198 2919 Dei
224 2872 266 2919 ac
293 2846 408 2946 plebis
440 2847 582 2919 salutari
614 2847 838 2918 instructioni
865 2843 1075 2917 incumbere
1103 2844 1199 2916 solli·

132 2965 222 3035 citus
246 2978 283 3034 et
306 2962 525 3055 desiderans,
549 2963 621 3034 hoc
647 2962 837 3060 tranquille
862 2984 1026 3034 exercere
1053 2960 1198 3059 permit·

133 3081 231 3170 titur,
259 3080 346 3175 quin
373 3079 491 3151 statim
518 3078 669 3152 stimulis
694 3078 951 3173 insurgentium
978 3075 1045 3148 sibi
1071 3075 1198 3148 talium

134 3206 248 3277 litium
275 3220 310 3277 et
339 3205 630 3302 quotidianarum
657 3203 906 3299 querelarum,
930 3226 951 3273 a
978 3226 1043 3274 suo
1074 3216 1198 3273 sancto

135 3322 320 3418 proposito
341 3320 396 3392 vel
413 3321 586 3393 alienetur
600 3319 658 3391 vel
675 3316 895 3391 deturbetur.
918 3317 1034 3409 Unde,
1050 3330 1199 3415 propter

134 3437 382 3533 hujuscemodi
408 3436 627 3533 effugiendas
654 3434 918 3507 molestissimas
942 3458 1045 3505 curas
1064 3449 1099 3506 et
1120 3458 1199 3532 per·

135 3551 373 3646 turbationes,
399 3554 554 3627 vidimus
580 3568 681 3626 aetate
700 3565 822 3624 nostra
843 3548 1064 3623 venerabiles
1080 3567 1199 3650 patres

134 3672 342 3764 Hugonem,
375 3670 683 3768 archiepiscopum
720 3667 1063 3763 Rothomagensem,
1104 3671 1197 3741 Mar·

135 3784 253 3857 tialem
281 3784 553 3879 Ebroicensem,
583 3784 817 3858 Philibertum
852 3783 1159 3856 Constantiensem
1173 3789 1195 3873 ¹,

177 4069 204 4124 l.
228 4067 347 4142 Hugnes
366 4063 503 4143 d’Orges‚
525 4062 706 4141 archevdque
726 4062 762 4121 de
782 4066 903 4132 Rouen3
921 4060 1033 4120 Uartial
1054 4061 1198 4135 Formier,

135 4162 246 4239 eveque
260 4152 422 4229 d'llvreux,
440 4174 469 4220 et
487 4159 625 4219 Philibert
639 4159 676 4218 de
689 4161 836 4235 Montjeu,
851 4161 963 4237 oreque
976 4158 1013 4217 de
1025 4160 1196 4229 Contances,

135 4259 386 4320 demissionnaires
394 4279 431 4318 en
441 4261 520 4318 tttt
531 4270 559 4317 et
572 4261 662 4319 ttae.
671 4262 725 4318 Ces
734 4257 881 4339 exemplos
890 4258 953 4316 lont
964 4257 1029 4317 voir
1038 4245 1096 4335 qne
1105 4255 1198 4315 l’abus
