2946 5070
211 498 269 556 118
481 495 737 554 fflsmnmatm
758 497 934 556 Lunovlcl
952 498 995 556 XI

259 627 407 699 Paulum
434 648 519 698 vero
548 639 650 713 ante,
681 649 765 697 cum
790 627 964 699 exercitus
990 627 1268 701 Brabantionum

211 741 397 841 quoddam
427 740 637 813 castellum¹
669 765 783 840 prope
814 743 993 816 civitatem
1025 742 1266 836 obsedissent,

210 860 326 931 dictus
352 859 542 954 sacrilegus
562 872 751 954 tyrannus,
770 859 919 933 collecta
937 885 1049 933 manu
1064 861 1184 934 valida
1198 878 1268 934 tam

211 974 455 1063 mtherorum‚
490 998 600 1071 quam
629 976 857 1072 popularium
887 977 1026 1074 patriae,
1056 978 1150 1049 inter
1182 1002 1269 1074 quos

210 1117 304 1164 unus
323 1115 475 1187 magnus
495 1104 571 1161 erat
592 1089 776 1180 mtherus,
803 1108 1044 1187 cognomento
1068 1093 1115 1165 de
1140 1095 1271 1167 Wack-

210 1207 398 1299 tendoncls,
419 1232 502 1279 cum
519 1208 691 1279 sexcentis
711 1223 747 1279 et
763 1209 915 1305 amplius
931 1208 1110 1305 equitibus
1128 1225 1167 1282 et
1179 1234 1270 1282 non·

210 1326 316 1398 nullis
344 1325 475 1422 copiis,
504 1347 593 1421 quas
623 1324 730 1397 etiam
758 1323 831 1396 dux
858 1325 1030 1396 clivensis
1058 1325 1204 1398 miserat
1232 1328 1268 1398 in

209 1439 380 1512 auxilium
399 1438 559 1535 tyranni,
575 1463 658 1510 cum
673 1463 746 1535 quo
762 1463 799 1510 se
813 1439 902 1510 inito
917 1438 1048 1511 foedere
1062 1441 1267 1536 copularat,

210 1554 323 1626 movit
346 1553 392 1624 de
417 1553 557 1624 civitate
580 1567 617 1624 et
641 1550 897 1624 Brabantiones
914 1551 1011 1625 bello
1033 1551 1183 1625 adortus
1203 1571 1266 1628 est.

210 1670 299 1762 Qui,
324 1668 468 1742 aciebus
489 1669 561 1741 suis
580 1668 704 1740 debito
730 1668 857 1740 ordine
878 1668 1076 1767 dispositis,
1101 1694 1186 1742 eum
1210 1696 1270 1745 au·

209 1786 331 1860 dacter
347 1801 383 1857 et
406 1785 567 1858 animose
589 1800 822 1883 excepemnt,
842 1800 1077 1882 consertoque
1091 1811 1177 1858 cum
1192 1787 1270 1859 hos·

155 1898 158 1903 ’
210 1901 305 1974 tibus
324 1900 465 2000 proelio,
484 1901 546 1997 qui
567 1924 700 1996 magno
717 1925 869 1972 numero
884 1915 1002 1990 erant,
1028 1901 1207 1996 insignem
1225 1903 1269 1974 de

209 2017 294 2116 ipsis
318 2016 504 2090 victoriam
522 2030 558 2088 et
585 2031 718 2114 tropaea
749 2040 824 2088 non
849 2017 975 2113 exigua
1006 2032 1234 2115 reportarunt
1245 2022 1265 2088 '.

209 2136 305 2205 Caesa
320 2147 403 2204 sunt
417 2133 456 2203 in
472 2156 517 2203 eo
531 2132 670 2231 proelio,
688 2146 728 2203 ut
744 2156 766 2204 a
783 2131 944 2231 pluribus
960 2131 1150 2222 ferebatur,
1167 2158 1270 2232 supra

211 2263 364 2344 quatuor
380 2248 491 2319 millia
508 2248 690 2337 virorum,
710 2263 745 2320 et
767 2249 896 2346 captivi
915 2247 1013 2319 ducti
1030 2249 1171 2320 circiter
1198 2249 1269 2322 duo

211 2363 334 2434 millia.
348 2367 443 2434 Inter
456 2377 601 2435 caeteros
613 2363 671 2435 ille
683 2362 799 2435 dictus
811 2363 859 2436 de
872 2369 925 2434 W
922 2363 1176 2455 antemonet,
1189 2391 1268 2437 cum

211 2480 346 2553 suiset
373 2478 590 2551 Clivensium
612 2480 741 2577 copiis,
768 2494 972 2578 peremptus
1000 2495 1065 2553 est.
1094 2483 1268 2554 Minorem

210 2610 331 2669 tamen
350 2595 457 2690 longe
476 2594 581 2667 fuisse
600 2619 772 2668 ooesorum
787 2610 823 2667 et
840 2596 1062 2694 captivomm
1080 2621 1269 2670 numerum

209 2711 268 2784 alii
284 2709 523 2785 affirmabant.

260 2827 469 2922 Sacrilegus‚
486 2826 569 2923 fuga
581 2828 732 2925 elapsus,
746 2827 785 2899 in
803 2828 981 2899 civitatem
993 2851 1031 2899 se
1046 2829 1192 2926 recepit,
1211 2828 1269 2900 uhi
1307 2861 1308 2864 ¹

210 2943 360 3016 aitemm
380 2943 427 3015 de
447 2941 744 3039 burgimagistris,
763 2958 933 3039 tanquam
953 2942 1199 3041 proditorem,
1216 2944 1269 3016 vel

210 3057 319 3149 duos,
337 3073 378 3128 ut
398 3058 562 3130 nonnulli
578 3057 741 3146 aiebant,
759 3081 804 3129 eo
821 3056 919 3153 quod
940 3081 1002 3145 ea,
1021 3083 1100 3154 quae
1116 3058 1169 3130 eis
1190 3073 1269 3130 ante

210 3173 464 3263 mandaverat,
482 3172 629 3271 implere
646 3197 720 3244 non
741 3188 944 3261 curassent,
963 3172 1151 3244 interiecit.
1170 3178 1215 3244 Et
1226 3172 1269 3245 de

210 3291 280 3362 loci
305 3291 492 3362 securitate
522 3314 597 3362 non
622 3291 704 3362 satis
718 3288 892 3380 confisus,
914 3292 1080 3386 Hoyum⁸
1097 3290 1268 3389 oppidum

211 3406 329 3504 petiit,
351 3407 478 3503 inquo
497 3430 626 3503 magna
647 3406 873 3502 fugitivorum
896 3431 917 3479 e
937 3405 1065 3503 proelio
1084 3407 1270 3479 collocavit

209 3521 383 3620 praesidia.

259 3639 367 3728 Quod
395 3641 441 3728 si,
471 3640 522 3710 uti
546 3638 735 3729 serebatur,
762 3636 1017 3711 Brabantiones
1041 3638 1160 3728 illico,
1180 3653 1267 3736 post·

248 3866 277 3925 1.
300 3862 419 3922 Molinet
434 3861 567 3940 i’appeile
580 3861 748 3940 Bouiongne
759 3866 776 3913 ἰ
790 3881 849 3939 ung
862 3860 969 3919 chastei
982 3861 1052 3918 assis
1067 3863 1084 3918 a
1100 3860 1170 3919 nnis
1184 3860 1267 3919 limes

209 3959 274 4038 pres
286 3944 325 4017 de
340 3959 367 4017 la
378 3959 434 4016 cite
448 3957 485 4015 de
496 3956 599 4036 Rege,
619 3976 669 4014 sur
692 3974 750 4014 une
768 3955 872 4014 riviere
889 3956 1025 4013 nommee
1038 3961 1125 4016 Serre
1138 3981 1173 4027 ι,
1188 3969 1209 4014 t.
1224 3957 1265 4026 11,

207 4051 291 4130 chop.
308 4071 390 4109 xcm.
487 4098 489 4101 .

247 4148 278 4206 2.
300 4149 340 4203 Le
355 4145 392 4202 10
403 4142 516 4216 janvier
535 4144 619 4200 ttae.

250 4242 279 4299 3.
303 4241 381 4313 Euy.
