2946 5070
196 452 255 511 190
473 453 729 512 fflsroataattat
750 452 927 511 LUDOVICI
947 454 992 510 tt1

198 585 367 656 suerunt?
387 585 480 655 Dicit
503 586 600 658 enim
623 583 898 682 sapientissimus
923 581 1094 654 Salomon
1120 584 1157 655 in
1183 587 1266 658 Pro

199 705 329 776 verbiis
346 704 444 800 quod
456 705 580 776 hostiae
596 705 789 802 impiorum
801 702 1061 776 abominabiles
1076 721 1161 777 sunt
1174 710 1264 799 Deo,

198 842 276 913 quae
301 819 500 892 ollemntur
513 844 555 891 ex
570 820 717 909 scelere,
734 834 770 891 et
789 821 832 890 in
847 819 1091 892 Ecclesiastico
1118 821 1266 917 legimus

200 934 299 1032 quod
325 936 581 1024 «immolantis
597 962 639 1008 ex
662 937 786 1030 iniquo
805 934 941 1008 oblatio
957 951 1009 1008 est
1024 937 1225 1029 maculata,
1246 966 1264 1006 n

199 1066 234 1122 et
263 1082 279 1116 ι(
309 1076 382 1123 non
414 1068 495 1124 sunt
524 1052 752 1151 beneplacitae
786 1051 1083 1125 subsannationes
1117 1054 1265 1149 injusto·

201 1193 294 1260 rum,
320 1197 336 1235 n
354 1186 388 1240 et
406 1169 502 1241 idern
516 1170 623 1269 paulo
639 1184 739 1267 post,
760 1199 778 1238 a
797 1171 858 1267 qui
875 1169 978 1241 offert
995 1168 1210 1241 sacrificium
1223 1169 1265 1241 de

200 1284 396 1357 substantia
417 1287 599 1383 pauperis,
623 1287 724 1382 quasi
740 1286 802 1382 qui
818 1286 975 1357 victimat
996 1285 1110 1358 filium
1129 1288 1166 1357 in
1185 1312 1266 1358 con-

94 1420 98 1424 ·
200 1417 324 1500 spectu
338 1403 446 1499 patris
460 1403 537 1491 sui,
560 1431 577 1470 n
597 1400 657 1499 [et]
676 1433 693 1467 a
714 1403 817 1499 panis
829 1402 1009 1496 egentium
1017 1402 1089 1474 vita
1103 1404 1280 1501 pauperis¹

201 1534 269 1603 est;
298 1519 359 1613 qui
385 1518 571 1590 defraudat
594 1518 715 1610 illurn,
745 1519 858 1590 homo
885 1519 1065 1614 sauguinis
1087 1535 1161 1609 est,
1188 1550 1206 1588 n
1233 1536 1266 1592 et

205 1665 222 1702 a
243 1636 304 1732 qui
318 1635 431 1707 aufert
447 1636 483 1706 in
494 1634 631 1739 sudore
644 1661 788 1734 panem,
807 1635 907 1733 quasi
923 1637 985 1732 qui
1002 1635 1134 1708 occidit
1150 1641 1266 1736 proxi-

203 1776 302 1823 mum
328 1778 444 1826 suum.
468 1781 486 1821 n
510 1757 600 1825 Ecce
628 1768 801 1849 quantum
824 1767 928 1848 gratae
952 1767 988 1824 et
1010 1768 1164 1851 acceptae
1187 1771 1267 1827 sunt

203 1868 248 1939 de
265 1868 389 1966 rapina
402 1883 438 1940 et
455 1868 585 1941 sudore
601 1856 801 1967 pauperum
822 1868 919 1940 saetae
937 1867 1158 1962 oblationes,
1178 1871 1265 1944 sieut

204 1985 296 2057 illius
313 1987 388 2084 qui,
408 2001 490 2059 ante
506 2002 656 2085 patrem,
679 2002 847 2059 mactaret
865 1985 976 2057 filium
993 2010 1112 2057 suum,

251 2104 351 2175 Tales
379 2119 498 2175 autem
522 2103 626 2175 luisse
655 2103 853 2174 oblationes
880 2117 915 2174 et
940 2101 1202 2199 eleemosynas,
1223 2101 1265 2174 de

205 2218 263 2289 tali
288 2234 450 2318 acceptas
477 2220 598 2309 lucro,
622 2219 728 2314 hujus
754 2218 798 2289 de
823 2243 897 2314 quo
921 2215 1027 2290 nobis
1047 2233 1100 2289 est
1127 2242 1263 2310 serm0,

206 2334 322 2405 nullus
349 2352 400 2407 cst
426 2336 487 2433 qui
511 2336 654 2426 nesciat.
675 2335 763 2422 Qui¹
780 2335 888 2407 etiam
911 2348 945 2406 et
965 2358 1158 2432 pauperes,
1177 2359 1266 2432 quos

205 2449 479 2523 calumniatores
497 2452 549 2521 sui
567 2450 758 2546 (malorum
773 2451 1011 2548 auspicatores
1024 2464 1132 2546 atque
1144 2449 1264 2548 explo-

205 2580 352 2650 ratores,
371 2590 479 2663 quos,
506 2566 556 2635 uti
572 2565 740 2657 diximus,
760 2589 823 2662 per
838 2590 962 2636 omnes
976 2565 1075 2659 regui
1089 2566 1145 2634 sui
1162 2589 1265 2659 angu-

206 2680 259 2751 los
283 2705 422 2778 sparsos
452 2679 629 2776 habebat)
650 2705 714 2779 per
735 2680 950 2753 calumniam
967 2681 1064 2752 velut
1081 2680 1126 2751 de
1148 2681 1265 2776 aliquo

205 2822 269 2894 per
301 2822 363 2868 eos
390 2797 553 2892 nequiter
577 2797 674 2868 dicto
703 2811 764 2869 aut
790 2796 882 2869 lacto
910 2797 1138 2887 detulissent,
1172 2796 1267 2868 nullo

207 2913 332 2984 ordine
343 2914 532 3009 judiciario
545 2915 728 2984 convictos
741 2929 776 2984 et
790 2912 977 2985 damnatos
989 2913 1035 2985 ad
1049 2938 1160 2984 unam
1175 2911 1267 2984 obla·

206 3032 341 3100 tionem
361 3028 522 3128 pluresve
539 3031 602 3127 (sic
617 3031 713 3102 enirn
731 3031 843 3127 loqui,
863 3044 897 3101 et
913 3031 1090 3128 appellare
1104 3031 1268 3127 hujusce-

137 3208 140 3213 .
207 3146 305 3216 modi
327 3147 452 3242 impias
470 3149 687 3218 extorsiones
706 3148 828 3218 solitus
846 3146 935 3242 erat)
949 3148 1096 3244 ipsemet
1113 3145 1265 3238 taxabat,

208 3277 243 3333 et
259 3263 411 3359 propriis
428 3263 593 3335 manibus
610 3264 821 3363 plerumque
837 3260 1042 3363 recipiebat,
1060 3289 1126 3334 suo
1144 3264 1269 3335 nihilo·

209 3381 327 3450 minus
361 3378 527 3480 improbo
566 3382 813 3455 calumniatori
849 3380 976 3480 praedae
1010 3383 1179 3480 portione
1219 3405 1270 3452 re·

207 3496 302 3568 licta.

257 3617 317 3684 Har
333 3629 434 3686 erant
445 3616 610 3706 materiae,
622 3616 697 3686 haec
710 3615 802 3712 juste
819 3615 1002 3711 acquisita,
1013 3614 1089 3686 baec
1104 3639 1269 3715 compen·

208 3732 267 3803 dia
284 3731 328 3801 de
345 3728 476 3828 quibus
492 3747 546 3804 tot
563 3731 761 3804 oblationes
778 3733 934 3804 Domino
952 3729 1142 3821 offerebat,
1166 3728 1268 3803 simul

208 3848 314 3919 etiam
330 3846 375 3919 de
392 3847 459 3921 illis
476 3849 573 3921 saevis
591 3864 696 3945 atque
712 3848 974 3920 immanissimis
996 3846 1170 3940 collectis,
1191 3846 1268 3946 qui-

208 3958 275 4033 bus
301 3961 568 4036 intolerabiliter
594 3978 800 4059 aggravatos
821 3961 983 4035 subditos
1006 3963 1127 4060 inopia
1152 3958 1269 4061 profli-

249 4200 277 4254 1.
304 4201 372 4272 Qua
383 4197 454 4257 daus
468 4198 495 4258 lc
509 4217 563 4255 rna.
