<?xml version="1.0" encoding="UTF-8"?>
<!DOCTYPE html PUBLIC "-//W3C//DTD XHTML 1.0 Transitional//EN"
    "http://www.w3.org/TR/xhtml1/DTD/xhtml1-transitional.dtd">
<html xmlns="http://www.w3.org/1999/xhtml" xml:lang="en" lang="en">
 <head>
  <title>
</title>
<meta http-equiv="Content-Type" content="text/html;charset=utf-8" />
  <meta name='ocr-system' content='tesseract 3.04.00' />
  <meta name='ocr-capabilities' content='ocr_page ocr_carea ocr_par ocr_line ocrx_word'/>
</head>
<body>
  <div class='ocr_page' id='page_1' title='image "./histoiredesrgne00amelgoog_0299.png"; bbox 0 0 2946 5070; ppageno 0'>
   <div class='ocr_carea' id='block_1_1' title="bbox 654 908 1030 991">
    <p class='ocr_par' dir='ltr' id='par_1_1' title="bbox 654 908 1030 991">
     <span class='ocr_line' id='line_1_1' title="bbox 654 908 1030 991; baseline -0.003 -1"><span class='ocrx_word' id='word_1_1' title='bbox 654 908 806 990; x_wconf 77' lang='lat' dir='ltr'>ntnnn</span> <span class='ocrx_word' id='word_1_2' title='bbox 831 909 1030 991; x_wconf 69' lang='lat' dir='ltr'>intans,</span> 
     </span>
    </p>
   </div>
   <div class='ocr_carea' id='block_1_2' title="bbox 576 1408 1119 1480">
    <p class='ocr_par' dir='ltr' id='par_1_2' title="bbox 576 1408 1119 1480">
     <span class='ocr_line' id='line_1_2' title="bbox 576 1408 1119 1480; baseline -0.007 0"><span class='ocrx_word' id='word_1_3' title='bbox 576 1410 871 1480; x_wconf 74' lang='lat' dir='ltr'>captiuum</span> <span class='ocrx_word' id='word_1_4' title='bbox 903 1408 1119 1478; x_wconf 79' lang='lat' dir='ltr'>Pntttntt.</span> 
     </span>
    </p>
   </div>
   <div class='ocr_carea' id='block_1_3' title="bbox 334 1579 1354 1689">
    <p class='ocr_par' dir='ltr' id='par_1_3' title="bbox 334 1579 1354 1689">
     <span class='ocr_line' id='line_1_3' title="bbox 334 1579 1354 1689; baseline 0.003 -22"><span class='ocrx_word' id='word_1_5' title='bbox 334 1579 1354 1689; x_wconf 45' lang='lat' dir='ltr'>massonamapaaqemupfunsammn.</span> 
     </span>
    </p>
   </div>
   <div class='ocr_carea' id='block_1_4' title="bbox 204 1792 1380 3998">
    <p class='ocr_par' dir='ltr' id='par_1_4' title="bbox 307 1792 1380 2357">
     <span class='ocr_line' id='line_1_4' title="bbox 359 1792 1378 1897; baseline 0.006 -33"><span class='ocrx_word' id='word_1_6' title='bbox 359 1795 422 1867; x_wconf 85' lang='lat' dir='ltr'>His</span> <span class='ocrx_word' id='word_1_7' title='bbox 437 1795 545 1891; x_wconf 84' lang='lat' dir='ltr'>igitur</span> <span class='ocrx_word' id='word_1_8' title='bbox 560 1795 609 1866; x_wconf 85' lang='lat' dir='ltr'>ita</span> <span class='ocrx_word' id='word_1_9' title='bbox 624 1793 840 1894; x_wconf 76' lang='lat' dir='ltr'>praefationis</span> <span class='ocrx_word' id='word_1_10' title='bbox 853 1792 936 1866; x_wconf 88' lang='lat' dir='ltr'>looo</span> <span class='ocrx_word' id='word_1_11' title='bbox 951 1793 1157 1892; x_wconf 70' lang='lat' dir='ltr'>premissis,</span> <span class='ocrx_word' id='word_1_12' title='bbox 1173 1813 1378 1897; x_wconf 80' lang='lat' dir='ltr'>sttsoepturn</span> 
     </span>
     <span class='ocr_line' id='line_1_5' title="bbox 308 1908 1379 2012; baseline 0.006 -30"><span class='ocrx_word' id='word_1_13' title='bbox 308 1911 556 2007; x_wconf 78' lang='lat' dir='ltr'>aggrediemur</span> <span class='ocrx_word' id='word_1_14' title='bbox 583 1934 693 2012; x_wconf 89' lang='lat' dir='ltr'>opus,</span> <span class='ocrx_word' id='word_1_15' title='bbox 719 1910 838 2010; x_wconf 86' lang='lat' dir='ltr'>plures</span> <span class='ocrx_word' id='word_1_16' title='bbox 863 1908 1006 1982; x_wconf 87' lang='lat' dir='ltr'>relaturi</span> <span class='ocrx_word' id='word_1_17' title='bbox 1030 1932 1154 1984; x_wconf 82' lang='lat' dir='ltr'>causas</span> <span class='ocrx_word' id='word_1_18' title='bbox 1176 1934 1334 2008; x_wconf 76' lang='lat' dir='ltr'>quanam</span> <span class='ocrx_word' id='word_1_19' title='bbox 1358 1941 1379 1988; x_wconf 91' lang='lat' dir='ltr'>e</span> 
     </span>
     <span class='ocr_line' id='line_1_6' title="bbox 309 2025 1380 2131; baseline 0.003 -31"><span class='ocrx_word' id='word_1_20' title='bbox 309 2029 493 2100; x_wconf 80' lang='lat' dir='ltr'>nonnullis</span> <span class='ocrx_word' id='word_1_21' title='bbox 515 2028 751 2100; x_wconf 86' lang='lat' dir='ltr'>verisimiliter</span> <span class='ocrx_word' id='word_1_22' title='bbox 767 2025 1001 2116; x_wconf 81' lang='lat' dir='ltr'>arbitramur,</span> <span class='ocrx_word' id='word_1_23' title='bbox 1020 2051 1064 2100; x_wconf 84' lang='lat' dir='ltr'>ex</span> <span class='ocrx_word' id='word_1_24' title='bbox 1080 2026 1158 2100; x_wconf 91' lang='lat' dir='ltr'>aliis</span> <span class='ocrx_word' id='word_1_25' title='bbox 1175 2053 1264 2102; x_wconf 84' lang='lat' dir='ltr'>vero</span> <span class='ocrx_word' id='word_1_26' title='bbox 1282 2054 1380 2131; x_wconf 75' lang='lat' dir='ltr'>aper</span> 
     </span>
     <span class='ocr_line' id='line_1_7' title="bbox 308 2139 1379 2244; baseline 0.005 -26"><span class='ocrx_word' id='word_1_27' title='bbox 308 2145 442 2218; x_wconf 81' lang='lat' dir='ltr'><strong>tissime</strong></span> <span class='ocrx_word' id='word_1_28' title='bbox 474 2139 699 2244; x_wconf 83' lang='lat' dir='ltr'>compertum</span> <span class='ocrx_word' id='word_1_29' title='bbox 727 2142 905 2216; x_wconf 74' lang='lat' dir='ltr'>habemus</span> <span class='ocrx_word' id='word_1_30' title='bbox 928 2143 1061 2217; x_wconf 89' lang='lat' dir='ltr'>dictam</span> <span class='ocrx_word' id='word_1_31' title='bbox 1091 2144 1226 2241; x_wconf 87' lang='lat' dir='ltr'>regiam</span> <span class='ocrx_word' id='word_1_32' title='bbox 1253 2166 1379 2225; x_wconf 84' lang='lat' dir='ltr'>contra</span> 
     </span>
     <span class='ocr_line' id='line_1_8' title="bbox 307 2248 1094 2393; baseline -0.005 -61"><span class='ocrx_word' id='word_1_33' title='bbox 307 2284 376 2334; x_wconf 90' lang='lat' dir='ltr'>nos</span> <span class='ocrx_word' id='word_1_34' title='bbox 391 2261 673 2393; x_wconf 75' lang='lat' dir='ltr'>indignationem</span> <span class='ocrx_word' id='word_1_35' title='bbox 690 2251 927 2334; x_wconf 82' lang='lat' dir='ltr'>incanduisse.</span> <span class='ocrx_word' id='word_1_36' title='bbox 1062 2248 1094 2328; x_wconf 79' lang='lat'>⁰·</span> 
     </span>
    </p>

    <p class='ocr_par' dir='ltr' id='par_1_5' title="bbox 204 2372 1379 3998">
     <span class='ocr_line' id='line_1_9' title="bbox 357 2372 1379 2476; baseline 0.005 -28"><span class='ocrx_word' id='word_1_37' title='bbox 357 2372 401 2448; x_wconf 79' lang='lat' dir='ltr'>Et</span> <span class='ocrx_word' id='word_1_38' title='bbox 432 2377 551 2476; x_wconf 91' lang='lat' dir='ltr'>primo</span> <span class='ocrx_word' id='word_1_39' title='bbox 585 2377 751 2475; x_wconf 87' lang='lat' dir='ltr'>quidem,</span> <span class='ocrx_word' id='word_1_40' title='bbox 787 2400 870 2448; x_wconf 91' lang='lat' dir='ltr'>cnm</span> <span class='ocrx_word' id='word_1_41' title='bbox 900 2398 998 2450; x_wconf 87' lang='lat' dir='ltr'>anno</span> <span class='ocrx_word' id='word_1_42' title='bbox 1027 2380 1176 2452; x_wconf 91' lang='lat' dir='ltr'>Domini</span> <span class='ocrx_word' id='word_1_43' title='bbox 1214 2395 1379 2453; x_wconf 87' lang='lat' dir='ltr'>currente</span> 
     </span>
     <span class='ocr_line' id='line_1_10' title="bbox 306 2495 1379 2600; baseline 0.003 -30"><span class='ocrx_word' id='word_1_44' title='bbox 306 2519 518 2582; x_wconf 79' lang='lat' dir='ltr'>uccocxmr,</span> <span class='ocrx_word' id='word_1_45' title='bbox 546 2495 614 2594; x_wconf 85' lang='lat' dir='ltr'>piae</span> <span class='ocrx_word' id='word_1_46' title='bbox 634 2508 669 2567; x_wconf 92' lang='lat' dir='ltr'>et</span> <span class='ocrx_word' id='word_1_47' title='bbox 695 2495 823 2566; x_wconf 80' lang='lat' dir='ltr'>inclitae</span> <span class='ocrx_word' id='word_1_48' title='bbox 840 2497 1097 2571; x_wconf 89' lang='lat' dir='ltr'>recordationis</span> <span class='ocrx_word' id='word_1_49' title='bbox 1122 2500 1279 2573; x_wconf 74' lang='lat' dir='ltr'>Kar-olus</span> <span class='ocrx_word' id='word_1_50' title='bbox 1304 2526 1379 2600; x_wconf 67' lang='lat' dir='ltr'>sep</span> 
     </span>
     <span class='ocr_line' id='line_1_11' title="bbox 308 2611 1378 2717; baseline 0.005 -31"><span class='ocrx_word' id='word_1_51' title='bbox 308 2616 415 2686; x_wconf 91' lang='lat' dir='ltr'>timus</span> <span class='ocrx_word' id='word_1_52' title='bbox 428 2639 507 2706; x_wconf 86' lang='lat' dir='ltr'>rex,</span> <span class='ocrx_word' id='word_1_53' title='bbox 528 2612 635 2710; x_wconf 88' lang='lat' dir='ltr'>hujus</span> <span class='ocrx_word' id='word_1_54' title='bbox 652 2611 816 2717; x_wconf 86' lang='lat' dir='ltr'>moderni</span> <span class='ocrx_word' id='word_1_55' title='bbox 839 2611 1010 2686; x_wconf 70' lang='lat' dir='ltr'>[udovici</span> <span class='ocrx_word' id='word_1_56' title='bbox 1027 2617 1186 2712; x_wconf 84' lang='lat' dir='ltr'>genitor,</span> <span class='ocrx_word' id='word_1_57' title='bbox 1204 2620 1378 2690; x_wconf 85' lang='lat' dir='ltr'>Norman-</span> 
     </span>
     <span class='ocr_line' id='line_1_12' title="bbox 307 2727 1377 2828; baseline 0.004 -24"><span class='ocrx_word' id='word_1_58' title='bbox 307 2733 425 2825; x_wconf 85' lang='lat' dir='ltr'>niam,</span> <span class='ocrx_word' id='word_1_59' title='bbox 445 2728 508 2801; x_wconf 94' lang='lat' dir='ltr'>diu</span> <span class='ocrx_word' id='word_1_60' title='bbox 531 2727 578 2802; x_wconf 88' lang='lat' dir='ltr'>ab</span> <span class='ocrx_word' id='word_1_61' title='bbox 596 2730 746 2827; x_wconf 65' lang='lat' dir='ltr'>anglicis</span> <span class='ocrx_word' id='word_1_62' title='bbox 762 2729 798 2799; x_wconf 87' lang='lat' dir='ltr'>vi</span> <span class='ocrx_word' id='word_1_63' title='bbox 813 2743 1025 2828; x_wconf 79' lang='lat' dir='ltr'>occupatam</span> <span class='ocrx_word' id='word_1_64' title='bbox 1045 2748 1081 2804; x_wconf 91' lang='lat' dir='ltr'>et</span> <span class='ocrx_word' id='word_1_65' title='bbox 1099 2733 1302 2828; x_wconf 89' lang='lat' dir='ltr'>detentam,</span> <span class='ocrx_word' id='word_1_66' title='bbox 1321 2760 1377 2808; x_wconf 92' lang='lat' dir='ltr'>ar·</span> 
     </span>
     <span class='ocr_line' id='line_1_13' title="bbox 308 2845 1377 2948; baseline 0.003 -26"><span class='ocrx_word' id='word_1_67' title='bbox 308 2851 377 2922; x_wconf 90' lang='lat' dir='ltr'>mis</span> <span class='ocrx_word' id='word_1_68' title='bbox 399 2847 542 2944; x_wconf 85' lang='lat' dir='ltr'>aggredi</span> <span class='ocrx_word' id='word_1_69' title='bbox 560 2862 594 2919; x_wconf 90' lang='lat' dir='ltr'>et</span> <span class='ocrx_word' id='word_1_70' title='bbox 613 2868 822 2946; x_wconf 86' lang='lat' dir='ltr'>recuperare</span> <span class='ocrx_word' id='word_1_71' title='bbox 847 2845 1057 2920; x_wconf 87' lang='lat' dir='ltr'>decrevisset</span> <span class='ocrx_word' id='word_1_72' title='bbox 1069 2852 1093 2943; x_wconf 86' lang='lat'>¹,</span> <span class='ocrx_word' id='word_1_73' title='bbox 1119 2852 1296 2948; x_wconf 87' lang='lat' dir='ltr'>contigit,</span> <span class='ocrx_word' id='word_1_74' title='bbox 1315 2855 1377 2925; x_wconf 87' lang='lat' dir='ltr'>Dei</span> 
     </span>
     <span class='ocr_line' id='line_1_14' title="bbox 307 2963 1376 3064; baseline 0.004 -26"><span class='ocrx_word' id='word_1_75' title='bbox 307 2967 511 3064; x_wconf 83' lang='lat' dir='ltr'>adspirante</span> <span class='ocrx_word' id='word_1_76' title='bbox 538 2963 727 3035; x_wconf 88' lang='lat' dir='ltr'>clementia</span> <span class='ocrx_word' id='word_1_77' title='bbox 749 2986 792 3034; x_wconf 87' lang='lat' dir='ltr'>ac</span> <span class='ocrx_word' id='word_1_78' title='bbox 817 2963 1080 3058; x_wconf 79' lang='lat' dir='ltr'>misericordia,</span> <span class='ocrx_word' id='word_1_79' title='bbox 1112 2982 1151 3040; x_wconf 90' lang='lat' dir='ltr'>ut</span> <span class='ocrx_word' id='word_1_80' title='bbox 1168 2966 1273 3040; x_wconf 80' lang='lat' dir='ltr'>brevi</span> <span class='ocrx_word' id='word_1_81' title='bbox 1290 2983 1376 3042; x_wconf 86' lang='lat' dir='ltr'>tem·</span> 
     </span>
     <span class='ocr_line' id='line_1_15' title="bbox 307 3081 1374 3184; baseline 0.006 -30"><span class='ocrx_word' id='word_1_82' title='bbox 307 3085 406 3182; x_wconf 73' lang='lat' dir='ltr'>poris</span> <span class='ocrx_word' id='word_1_83' title='bbox 434 3084 547 3180; x_wconf 90' lang='lat' dir='ltr'>spatio</span> <span class='ocrx_word' id='word_1_84' title='bbox 578 3082 673 3152; x_wconf 88' lang='lat' dir='ltr'>idem</span> <span class='ocrx_word' id='word_1_85' title='bbox 712 3081 868 3177; x_wconf 90' lang='lat' dir='ltr'>optimus</span> <span class='ocrx_word' id='word_1_86' title='bbox 894 3107 955 3152; x_wconf 85' lang='lat' dir='ltr'>rex</span> <span class='ocrx_word' id='word_1_87' title='bbox 986 3098 1098 3155; x_wconf 84' lang='lat' dir='ltr'>totam</span> <span class='ocrx_word' id='word_1_88' title='bbox 1129 3088 1374 3184; x_wconf 77' lang='lat' dir='ltr'>provinciam,</span> 
     </span>
     <span class='ocr_line' id='line_1_16' title="bbox 307 3190 1376 3295; baseline 0.007 -30"><span class='ocrx_word' id='word_1_89' title='bbox 307 3195 418 3295; x_wconf 86' lang='lat' dir='ltr'>pulsis</span> <span class='ocrx_word' id='word_1_90' title='bbox 429 3193 604 3284; x_wconf 85' lang='lat' dir='ltr'>hostibus,</span> <span class='ocrx_word' id='word_1_91' title='bbox 622 3190 689 3264; x_wconf 88' lang='lat' dir='ltr'>sub</span> <span class='ocrx_word' id='word_1_92' title='bbox 701 3216 802 3263; x_wconf 88' lang='lat' dir='ltr'>suam</span> <span class='ocrx_word' id='word_1_93' title='bbox 815 3192 989 3287; x_wconf 84' lang='lat' dir='ltr'>redigeret</span> <span class='ocrx_word' id='word_1_94' title='bbox 1002 3196 1188 3269; x_wconf 88' lang='lat' dir='ltr'>ditionem.</span> <span class='ocrx_word' id='word_1_95' title='bbox 1205 3201 1273 3270; x_wconf 88' lang='lat' dir='ltr'>Cui</span> <span class='ocrx_word' id='word_1_96' title='bbox 1288 3200 1376 3272; x_wconf 87' lang='lat' dir='ltr'>felici</span> 
     </span>
     <span class='ocr_line' id='line_1_17' title="bbox 309 3309 1375 3412; baseline 0.008 -31"><span class='ocrx_word' id='word_1_97' title='bbox 309 3311 409 3408; x_wconf 88' lang='lat' dir='ltr'>operi</span> <span class='ocrx_word' id='word_1_98' title='bbox 424 3324 531 3405; x_wconf 88' lang='lat' dir='ltr'>atque</span> <span class='ocrx_word' id='word_1_99' title='bbox 556 3309 773 3406; x_wconf 82' lang='lat' dir='ltr'>expeditioni</span> <span class='ocrx_word' id='word_1_100' title='bbox 789 3333 871 3379; x_wconf 90' lang='lat' dir='ltr'>cum</span> <span class='ocrx_word' id='word_1_101' title='bbox 897 3313 1020 3405; x_wconf 82' lang='lat' dir='ltr'>etiam,</span> <span class='ocrx_word' id='word_1_102' title='bbox 1048 3338 1175 3412; x_wconf 86' lang='lat' dir='ltr'>proca</span> <span class='ocrx_word' id='word_1_103' title='bbox 1194 3341 1305 3412; x_wconf 89' lang='lat' dir='ltr'>quam</span> <span class='ocrx_word' id='word_1_104' title='bbox 1331 3317 1375 3389; x_wconf 93' lang='lat' dir='ltr'>ad</span> 
     </span>
     <span class='ocr_line' id='line_1_18' title="bbox 309 3423 1375 3527; baseline 0.009 -31"><span class='ocrx_word' id='word_1_105' title='bbox 309 3427 460 3525; x_wconf 88' lang='lat' dir='ltr'>patriam</span> <span class='ocrx_word' id='word_1_106' title='bbox 478 3451 616 3523; x_wconf 84' lang='lat' dir='ltr'>semper</span> <span class='ocrx_word' id='word_1_107' title='bbox 636 3423 829 3496; x_wconf 84' lang='lat' dir='ltr'>habuimus</span> <span class='ocrx_word' id='word_1_108' title='bbox 852 3427 1014 3518; x_wconf 87' lang='lat' dir='ltr'>caritate,</span> <span class='ocrx_word' id='word_1_109' title='bbox 1040 3454 1149 3527; x_wconf 87' lang='lat' dir='ltr'>opera</span> <span class='ocrx_word' id='word_1_110' title='bbox 1170 3447 1207 3502; x_wconf 94' lang='lat' dir='ltr'>et</span> <span class='ocrx_word' id='word_1_111' title='bbox 1226 3436 1375 3506; x_wconf 88' lang='lat' dir='ltr'>consilio</span> 
     </span>
     <span class='ocr_line' id='line_1_19' title="bbox 310 3541 1373 3644; baseline 0.008 -30"><span class='ocrx_word' id='word_1_112' title='bbox 310 3569 385 3615; x_wconf 92' lang='lat' dir='ltr'>non</span> <span class='ocrx_word' id='word_1_113' title='bbox 399 3568 526 3642; x_wconf 85' lang='lat' dir='ltr'>parum</span> <span class='ocrx_word' id='word_1_114' title='bbox 540 3567 607 3640; x_wconf 85' lang='lat' dir='ltr'>pro</span> <span class='ocrx_word' id='word_1_115' title='bbox 629 3555 750 3611; x_wconf 87' lang='lat' dir='ltr'>nostra</span> <span class='ocrx_word' id='word_1_116' title='bbox 766 3541 855 3611; x_wconf 83' lang='lat' dir='ltr'>virili</span> <span class='ocrx_word' id='word_1_117' title='bbox 871 3542 1066 3639; x_wconf 87' lang='lat' dir='ltr'>adjumenti</span> <span class='ocrx_word' id='word_1_118' title='bbox 1081 3549 1373 3644; x_wconf 87' lang='lat' dir='ltr'>contulissemus,</span> 
     </span>
     <span class='ocr_line' id='line_1_20' title="bbox 204 3654 1376 3762; baseline 0.002 -29"><span class='ocrx_word' id='word_1_119' title='bbox 204 3662 208 3667; x_wconf 76' lang='grc'><strong>’</strong></span> <span class='ocrx_word' id='word_1_120' title='bbox 308 3685 352 3732; x_wconf 82' lang='lat' dir='ltr'>ex</span> <span class='ocrx_word' id='word_1_121' title='bbox 368 3660 441 3730; x_wconf 87' lang='lat' dir='ltr'>boo</span> <span class='ocrx_word' id='word_1_122' title='bbox 463 3657 628 3733; x_wconf 80' lang='lat' dir='ltr'>effectum</span> <span class='ocrx_word' id='word_1_123' title='bbox 646 3669 699 3726; x_wconf 89' lang='lat' dir='ltr'>est</span> <span class='ocrx_word' id='word_1_124' title='bbox 719 3668 758 3725; x_wconf 89' lang='lat' dir='ltr'>nt</span> <span class='ocrx_word' id='word_1_125' title='bbox 781 3654 826 3724; x_wconf 90' lang='lat' dir='ltr'>de</span> <span class='ocrx_word' id='word_1_126' title='bbox 842 3660 1014 3753; x_wconf 80' lang='lat' dir='ltr'>parvitate</span> <span class='ocrx_word' id='word_1_127' title='bbox 1037 3677 1158 3734; x_wconf 88' lang='lat' dir='ltr'>nostra</span> <span class='ocrx_word' id='word_1_128' title='bbox 1184 3679 1221 3735; x_wconf 88' lang='lat' dir='ltr'>et</span> <span class='ocrx_word' id='word_1_129' title='bbox 1244 3665 1376 3762; x_wconf 77' lang='lat' dir='ltr'>exigin-</span> 
     </span>
     <span class='ocr_line' id='line_1_21' title="bbox 308 3772 1377 3876; baseline 0.007 -27"><span class='ocrx_word' id='word_1_130' title='bbox 308 3791 394 3866; x_wconf 87' lang='lat' dir='ltr'>tate,</span> <span class='ocrx_word' id='word_1_131' title='bbox 411 3800 476 3874; x_wconf 90' lang='lat' dir='ltr'>per</span> <span class='ocrx_word' id='word_1_132' title='bbox 491 3787 637 3846; x_wconf 87' lang='lat' dir='ltr'>cunctas</span> <span class='ocrx_word' id='word_1_133' title='bbox 654 3773 762 3843; x_wconf 88' lang='lat' dir='ltr'>ferme</span> <span class='ocrx_word' id='word_1_134' title='bbox 780 3772 976 3847; x_wconf 86' lang='lat' dir='ltr'>Galliarum</span> <span class='ocrx_word' id='word_1_135' title='bbox 992 3781 1208 3876; x_wconf 82' lang='lat' dir='ltr'>provincias,</span> <span class='ocrx_word' id='word_1_136' title='bbox 1227 3783 1377 3856; x_wconf 88' lang='lat' dir='ltr'>celebris</span> 
     </span>
     <span class='ocr_line' id='line_1_22' title="bbox 309 3889 1282 3998; baseline 0.008 -32"><span class='ocrx_word' id='word_1_137' title='bbox 309 3920 384 3967; x_wconf 94' lang='lat' dir='ltr'>non</span> <span class='ocrx_word' id='word_1_138' title='bbox 402 3891 628 3965; x_wconf 89' lang='lat' dir='ltr'>mediocriter</span> <span class='ocrx_word' id='word_1_139' title='bbox 640 3889 898 3962; x_wconf 77' lang='lat' dir='ltr'>diffunderetur</span> <span class='ocrx_word' id='word_1_140' title='bbox 913 3892 1007 3967; x_wconf 86' lang='lat' dir='ltr'>fama</span> <span class='ocrx_word' id='word_1_141' title='bbox 1020 3913 1125 3994; x_wconf 90' lang='lat' dir='ltr'>atque</span> <span class='ocrx_word' id='word_1_142' title='bbox 1142 3902 1282 3998; x_wconf 90' lang='lat' dir='ltr'>opinio.</span> 
     </span>
    </p>
   </div>
   <div class='ocr_carea' id='block_1_5' title="bbox 359 4007 1374 4103">
    <p class='ocr_par' dir='ltr' id='par_1_6' title="bbox 359 4007 1374 4103">
     <span class='ocr_line' id='line_1_23' title="bbox 359 4007 1374 4103; baseline 0.008 -19"><span class='ocrx_word' id='word_1_143' title='bbox 359 4017 442 4084; x_wconf 87' lang='lat' dir='ltr'>Erat</span> <span class='ocrx_word' id='word_1_144' title='bbox 457 4026 544 4083; x_wconf 89' lang='lat' dir='ltr'>tunc</span> <span class='ocrx_word' id='word_1_145' title='bbox 562 4009 599 4080; x_wconf 95' lang='lat' dir='ltr'>in</span> <span class='ocrx_word' id='word_1_146' title='bbox 618 4033 684 4079; x_wconf 92' lang='lat' dir='ltr'>suo</span> <span class='ocrx_word' id='word_1_147' title='bbox 699 4007 896 4103; x_wconf 85' lang='lat' dir='ltr'>Delfinatu,</span> <span class='ocrx_word' id='word_1_148' title='bbox 913 4013 1065 4087; x_wconf 84' lang='lat' dir='ltr'>delfinos</span> <span class='ocrx_word' id='word_1_149' title='bbox 1084 4032 1170 4089; x_wconf 86' lang='lat' dir='ltr'>tunc</span> <span class='ocrx_word' id='word_1_150' title='bbox 1192 4021 1374 4096; x_wconf 90' lang='lat' dir='ltr'>Viennen-</span> 
     </span>
    </p>
   </div>
   <div class='ocr_carea' id='block_1_6' title="bbox 349 4257 1260 4344">
    <p class='ocr_par' dir='ltr' id='par_1_7' title="bbox 349 4257 1260 4344">
     <span class='ocr_line' id='line_1_24' title="bbox 349 4257 1260 4344; baseline 0.011 -22"><span class='ocrx_word' id='word_1_151' title='bbox 349 4267 379 4322; x_wconf 81' lang='lat' dir='ltr'>i.</span> <span class='ocrx_word' id='word_1_152' title='bbox 401 4259 637 4338; x_wconf 70' lang='lat' dir='ltr'>Voy.,.l&#39;iiistoire</span> <span class='ocrx_word' id='word_1_153' title='bbox 653 4259 691 4318; x_wconf 87' lang='lat' dir='ltr'>de</span> <span class='ocrx_word' id='word_1_154' title='bbox 704 4257 822 4320; x_wconf 82' lang='lat' dir='ltr'>Charles</span> <span class='ocrx_word' id='word_1_155' title='bbox 835 4264 905 4336; x_wconf 85' lang='lat' dir='ltr'>vn,</span> <span class='ocrx_word' id='word_1_156' title='bbox 921 4263 942 4324; x_wconf 86' lang='lat' dir='ltr'>i.</span> <span class='ocrx_word' id='word_1_157' title='bbox 956 4267 1007 4344; x_wconf 83' lang='lat' dir='ltr'>tv,</span> <span class='ocrx_word' id='word_1_158' title='bbox 1023 4265 1071 4326; x_wconf 86' lang='lat' dir='ltr'>ch.</span> <span class='ocrx_word' id='word_1_159' title='bbox 1087 4271 1126 4327; x_wconf 75' lang='lat' dir='ltr'>tt</span> <span class='ocrx_word' id='word_1_160' title='bbox 1140 4282 1169 4329; x_wconf 87' lang='lat' dir='ltr'>et</span> <span class='ocrx_word' id='word_1_161' title='bbox 1183 4270 1260 4332; x_wconf 85' lang='lat' dir='ltr'>suiv.</span> 
     </span>
    </p>
   </div>
   <div class='ocr_carea' id='block_1_7' title="bbox 0 0 1478 5070">
    <p class='ocr_par' dir='ltr' id='par_1_8' title="bbox 0 0 1478 5070">
     <span class='ocr_line' id='line_1_25' title="bbox 0 0 1478 5070; baseline 0 1"><span class='ocrx_word' id='word_1_162' title='bbox 0 0 1478 5070; x_wconf 95' lang='lat' dir='ltr'> </span> 
     </span>
    </p>
   </div>
  </div>
 </body>
</html>
