2946 5070
473 572 582 627 num
603 572 805 641 secuunus.
1117 564 1169 626 :ur

112 706 378 799 controversiae,
413 705 450 775 in
480 704 611 803 quibus
641 704 687 777 de
719 702 927 778 differentiis
958 703 1176 801 jurisdictio-

112 846 199 893 num
231 822 548 894 ecclesiasticarum
579 835 615 893 et
647 820 891 913 saecularium,
920 820 976 894 vel
1007 821 1175 893 immuni·

112 934 242 1007 tatibus
273 959 510 1034 personarum
541 950 577 1006 et
607 954 727 1008 rerum
759 937 1080 1009 ecclesiasticarum
1112 960 1174 1008 seu

112 1051 358 1148 religiosorum
394 1052 558 1124 locorum
597 1048 847 1143 contenditur,
884 1053 930 1126 ad
971 1075 1060 1150 quas
1100 1076 1176 1123 non

112 1166 223 1238 modo
253 1167 489 1241 decurtandas
520 1182 556 1238 et
581 1169 843 1267 praecidendas,
877 1169 940 1242 sed
969 1167 1067 1240 velut
1097 1180 1177 1240 era'·

110 1280 283 1356 dicandas
308 1297 344 1355 et
372 1284 646 1379 exstinguendas
676 1299 753 1357 tota
783 1285 958 1358 saecularis
989 1284 1179 1358 advocatio

111 1415 309 1496 cunctaque
348 1402 528 1472 curiarum
558 1401 809 1501 temporalium
844 1400 962 1473 officia
995 1402 1034 1472 in
1067 1425 1178 1496 regno

110 1519 351 1605 Francorum,
376 1532 411 1589 et
428 1518 611 1616 potissime
638 1518 675 1589 in
702 1533 825 1591 nostra
842 1517 1079 1609 Normannia',
1096 1542 1180 1589 con·

110 1635 258 1732 spirasse
275 1635 455 1706 videntur.
473 1639 607 1706 Verum
622 1636 766 1708 eumad
781 1633 1024 1707 venerabilem
1042 1634 1179 1707 curiam

110 1752 319 1848 parlamenti
339 1777 408 1849 ¹per
430 1750 708 1850 appellationem
725 1777 789 1823 seu
810 1777 874 1850 per
894 1752 991 1823 viam
1008 1766 1184 1846 requestae·

110 1882 172 1938 aut
201 1867 286 1940 alias
319 1868 406 1940 tales
436 1867 588 1964 querelae
621 1866 844 1960 deseruntur,
883 1868 966 1939 licet
997 1890 1112 1939 causa
1141 1866 1179 1937 in

110 1983 186 2081 ipsa
213 1984 312 2056 curia
339 2008 415 2055 non
448 1982 573 2054 leviter
599 2008 665 2054 nec
699 1982 801 2054 facile
825 1983 1084 2074 terminentur,
1117 1980 1183 2053 sed'

110 2102 236 2199 saepius
253 2115 335 2199 post
360 2101 488 2197 longas
516 2100 663 2172 demum
684 2100 856 2197 temporis
884 2122 1004 2172 moras
1026 2096 1181 2170 labores·

110 2238 180 2310 que
210 2214 385 2314 plurimos
416 2229 451 2287 et
486 2223 683 2314 expensas,
716 2215 896 2286 interdum
934 2228 1054 2288 tamen
1096 2213 1180 2283 satis

108 2330 225 2401 vicine
257 2346 293 2403 et
327 2329 547 2403 confirmiter
577 2332 624 2403 ad
649 2331 785 2429 jurium
813 2330 1084 2430 dispositionem
1112 2329 1180 2401 de-

110 2446 279 2518 ciduntur
294 2462 329 2518 et
346 2446 585 2542 diffiniuntur,
608 2448 841 2546 ferunturque
865 2446 1047 2519 sententiae
1072 2447 1180 2520 etiam

110 2561 304 2659 aliquando
336 2578 462 2639 contra
491 2565 607 2660 regios
640 2580 892 2664 procuratores
923 2563 1180 2661 curiarumque

110 2676 291 2772 officiales,
310 2693 363 2770 et,
384 2681 414 2751 si
435 2680 523 2778 quid
540 2681 717 2751 violentiae
744 2696 807 2753 aut
833 2680 970 2777 injuriae
995 2679 1180 2752 manifeste

109 2794 264 2866 ecclesiae
278 2795 482 2892 irrogarint,
500 2795 682 2867 interdum
696 2797 825 2892 corrigi
844 2810 880 2867 et
898 2795 1017 2893 puniri
1040 2795 1178 2886 solent,

109 2912 160 2981 sic
186 2910 285 3006 quod
316 2935 457 3009 semper
486 2910 661 2983 nonnulla
691 2936 772 3009 spes
801 2925 923 2983 manet
951 2910 1180 2982 ecclesiarum

109 3027 264 3125 praelatis
280 3042 316 3099 et
343 3025 561 3121 rectoribtu‚
589 3025 720 3125 quibus
748 3027 794 3099 ad
819 3025 1026 3124 hujusmodi
1056 3050 1179 3125 supre-

110 3171 210 3217 mum
242 3144 399 3218 tribunal
436 3146 543 3217 curiae
576 3145 789 3244 parlamenti
824 3168 1008 3217 recursum
1045 3142 1179 3217 habere

110 3263 338 3360 permittitur,
377 3288 483 3334 suum
514 3263 572 3357 jus
611 3275 807 3357 utcumque
847 3261 1020 3357 consequi
1064 3261 1175 3336 illata-

111 3403 262 3474 rumque
287 3380 497 3476 injuriarum
522 3402 585 3449 seu
601 3378 854 3450 violentiarum
878 3377 1096 3475 condignam
1123 3405 1179 3451 re·

110 3501 334 3594 parationem
360 3493 579 3568 obtinendi:
611 3476 918 3591 quemadmodum
945 3520 1036 3594 saepe
1058 3510 1178 3570 actum

110 3610 215 3683 luisse
246 3612 369 3711 priscis
398 3608 619 3712 temporibus
651 3626 758 3709 atque
791 3610 970 3682 interdum
1003 3613 1178 3685 recentio-

110 3726 228 3821 ribus,
258 3728 400 3827 parcius
422 3741 458 3799 et
487 3728 601 3800 rarius
627 3728 727 3822 licet,
757 3743 982 3826 compertum
1002 3742 1066 3798 est.
1091 3732 1179 3816 Quae

110 3869 166 3915 res
181 3844 465 3917 consolationem
489 3844 618 3938 ingerit
637 3867 805 3940 magnam
827 3844 912 3943 ipsis
933 3843 1105 3942 praelatis,
1125 3843 1178 3914 in·

105 3962 239 4058 juriam
255 3986 318 4033 seu
340 3962 558 4034 calumniam
574 3961 699 4058 passis,
718 3961 775 4032 vel
794 3960 970 4059 oppressis
993 3959 1178 4057 iniquitate

110 4094 145 4151 et
177 4079 263 4151 d'olo
289 4078 501 4152 inferiorum
514 4077 678 4176 judicum
701 4102 764 4149 seu
780 4076 996 4150 officiorum.
1015 4076 1118 4174 Atqui
1140 4076 1178 4147 in

109 4197 296 4294 provincia
317 4195 567 4290 Normanniae‚
591 4192 652 4266 uhi
670 4195 904 4292 provinciales
923 4194 1007 4267 solis
1031 4191 1179 4291 quihus-

112 4312 198 4385 dam
215 4312 537 4386 consuetudinibus
565 4312 779 4404 innituntur,
798 4325 833 4384 et
851 4309 989 4408 judices
1010 4324 1047 4383 et
1067 4310 1177 4382 advo·
