2946 5070
198 480 257 538 tet
476 475 736 536 ΠΙΠΟΙΙΔΙΙῙΙ
754 475 934 534 mmm
952 477 997 534 ¹1

197 611 326 703 decta,
357 610 595 683 accersierunt
614 610 734 681 statim
753 607 1005 706 hujuscemodi
1026 611 1141 706 iniqui
1160 636 1258 686 stiam

202 725 502 824 Enghelbertum,
522 724 755 796 domicellum
773 726 993 815 Cliremem3
1015 727 1092 826 ipse
1112 728 1211 799 enim
1225 730 1261 802 in

200 841 439 915 lmersfordia
451 842 669 914 constiterat.
686 841 759 929 Qui
772 841 891 912 statim
900 841 949 913 ad
961 842 1143 916 civitatem
1157 843 1261 916 veluti

197 960 244 1032 ad
272 959 482 1056 acquisitam
511 956 669 1056 predam
697 959 863 1030 accurrit.
891 959 1061 1030 Exienmt
1083 972 1206 1032 antem
1229 973 1263 1032 st

198 1097 273 1147 sese
297 1098 363 1174 per
388 1070 523 1146 moenia
542 1071 783 1166 demisemnt,
803 1073 865 1169 qui
885 1071 933 1144 ad
950 1074 1130 1173 stipendia
1151 1076 1264 1174 ponti·

199 1189 275 1264 licis
298 1192 336 1262 in
369 1191 510 1262 civitate
531 1202 655 1277 erant,
680 1212 765 1260 cum
787 1187 952 1286 pluribus
974 1213 1019 1262 ex
1041 1189 1183 1264 civibus
1204 1191 1264 1289 qui

198 1307 347 1380 studiosi
372 1307 527 1405 partium
547 1305 708 1402 ejusdem
729 1302 911 1403 pontificis
934 1303 1126 1404 eidemque
1144 1305 1264 1380 fideles

198 1425 421 1511 exstiterant,
439 1437 493 1511 et,
512 1435 594 1521 post
608 1435 857 1521 recuperatam
876 1445 941 1519 per
958 1446 1043 1494 eiam
1059 1424 1261 1514 civitatem,

198 1539 364 1612 eamdem
389 1539 535 1635 ingressi
552 1538 704 1610 fuerant.
731 1538 804 1626 Qui
825 1560 914 1609 vero
938 1539 1000 1610 tali
1019 1539 1105 1634 fuga
1119 1541 1265 1611 minime

198 1658 305 1728 tutari
320 1682 357 1729 se
369 1670 564 1755 potuerunt
577 1670 613 1727 et
628 1654 827 1753 pericuum
839 1655 974 1728 instans
985 1656 1156 1752 effligere,
1170 1679 1265 1729 scru-

199 1774 262 1846 tati
281 1787 363 1846 sunt
388 1797 453 1872 per
476 1773 677 1864 civitatem,
693 1785 730 1842 et
748 1773 811 1869 qui
829 1769 876 1844 de
892 1771 944 1842 eis
964 1773 1118 1843 inveniri
1145 1787 1266 1871 potue·

199 1903 296 1984 runt,
317 1888 414 1962 fuere
432 1890 470 1961 in
484 1912 663 1961 carcerem
680 1887 828 1980 detrusi,
845 1886 944 1959 etad
960 1911 998 1959 se
1015 1887 1265 1993 redimendum

199 2007 405 2105 pecuniam,
424 2020 600 2104 qrsantum
615 2027 721 2102 posse
737 2027 800 2075 eos
812 2002 996 2075 exsolvere
1011 2002 1263 2098 arbitrabatur,

200 2123 377 2222 compulsi
407 2138 444 2195 et
478 2123 686 2195 necessitate
716 2120 847 2194 adacti.
875 2119 1048 2192 Nonnulli
1077 2135 1202 2193 nmen
1224 2145 1265 2192 ex

200 2237 485 2332 honestioribus,
511 2253 548 2310 et
572 2236 761 2310 adversum
789 2261 883 2336 quos
904 2259 980 2308 uon
1001 2250 1078 2310 tam
1097 2237 1265 2311 acerbum

202 2352 327 2426 odium
352 2353 590 2446 efferbuerat,
616 2355 761 2427 fuenmt
786 2355 824 2426 in
850 2355 1006 2455 propriis
1023 2354 1197 2429 domibus
1216 2376 1266 2428 re·

200 2469 295 2559 licti,
330 2471 520 2545 interdicto
545 2472 596 2543 eis
620 2471 687 2543 sub
710 2473 791 2545 vitae
809 2496 880 2544 suae
905 2473 1067 2571 periculo
1103 2499 1151 2546 ne
1186 2473 1265 2547 inde

202 2586 298 2660 exire
315 2602 581 2686 presumerent.
602 2589 709 2687 Capti
721 2590 829 2662 etiam
853 2603 889 2661 et
909 2591 1105 2689 mancipati
1127 2591 1267 2664 fuemnt

202 2728 328 2776 omnes
353 2703 463 2775 ferme
483 2702 660 2776 dedomo
684 2719 719 2776 et
742 2703 875 2777 familia
898 2703 1096 2804 pontificis,
1116 2705 1266 2805 demptis

202 2818 258 2891 bis
276 2821 338 2916 qui
352 2819 444 2890 clam
461 2817 555 2893 elabi
571 2833 777 2918 potuerunt.

251 2937 389 3007 Domus
412 2935 519 3008 etiam
546 2934 928 3024 nonnullee'elfractae,
960 2934 1076 3033 pilatae
1102 2935 1263 3032 fuemnt3

203 3073 278 3121 non
305 3066 426 3123 tamen
452 3065 524 3141 tot,
547 3065 636 3149 quot
654 3052 780 3150 saepius
799 3051 905 3149 diripi
926 3065 963 3123 et
985 3052 1132 3149 spoliari
1155 3054 1265 3127 visum

203 3179 255 3238 est
271 3166 308 3236 in
325 3167 455 3240 talibus
473 3169 656 3239 civitatum
677 3166 734 3238 vel
755 3166 973 3265 oppidorum
993 3167 1264 3266 irruptionibus,

204 3281 241 3352 in
261 3307 413 3379 quarum
429 3284 550 3356 multis
570 3309 637 3356 nec
653 3283 879 3382 corporibus,
901 3309 1019 3383 neque
1037 3283 1146 3358 bonis
1165 3287 1267 3359 fuisse

205 3400 381 3496 parcitum
401 3400 618 3495 frequentius
634 3414 859 3498 compertum
875 3414 940 3472 est.
957 3399 1074 3488 Unde,
1090 3414 1132 3473 ut
1144 3427 1266 3476 verum

205 3513 392 3607 fateamur,
409 3516 563 3614 pensatis
580 3541 700 3588 rerum
720 3517 1016 3607 circumstantiis,
1034 3517 1075 3609 bi
1093 3519 1158 3614 qni
1175 3518 1266 3593 hanc

205 3632 441 3730 irruptionem
459 3633 630 3725 fecerunt,
654 3632 838 3731 civili[ter]
854 3634 1002 3705 victoria
1018 3658 1061 3707 ac
1081 3635 1185 3707 valde
1203 3636 1266 3708 cle·

205 3766 343 3822 menter
357 3752 410 3822 usi
427 3751 530 3822 luisse
546 3751 724 3823 ridentur.
744 3754 824 3822 Non
841 3753 938 3823 enim
957 3752 1175 3848 sanguinarii
1193 3753 1267 3824 fue·

206 3882 311 3961 runt,
330 3881 370 3938 ut
385 3866 431 3938 ad
461 3867 572 3938 caedes
600 3891 731 3965 usque,
755 3892 881 3939 eorum
904 3866 1098 3966 prasertim
1120 3893 1213 3967 quos
1232 3891 1267 3940 se

205 4006 333 4056 exosos
360 3983 513 4058 maxime
534 3981 700 4057 habuisse
716 3980 896 4078 sciebant,
923 3983 1173 4083 procederent,
1194 3986 1266 4058 imo

207 4125 273 4172 nec
291 4101 338 4172 ad
353 4100 569 4193 domorum,
587 4102 654 4173 nisi
670 4123 890 4202 paucarum,
907 4101 1168 4199 direptionem:
1185 4125 1265 4175 cum

207 4230 327 4288 umen
348 4217 427 4313 jure
445 4217 530 4289 belli
552 4218 676 4315 plures·
692 4217 897 4289 mortalium
918 4218 1122 4290 uniuersam
1138 4217 1266 4290 cirita·
