2946 5070
594 502 702 561 man
722 503 872 562 rnnws.
1082 512 1085 517 ·
1202 460 1265 569 iu

201 639 303 714 rebat
314 652 481 739 praeterea
498 660 548 724 se,
562 650 753 734 postquam
767 634 866 731 regni
882 649 917 709 et
931 626 1265 715 terrarumauarnnr

201 757 330 829 limites
354 755 472 826 suisset
499 754 690 847 ingressus,
710 752 824 843 illice,
845 750 987 825 nemine
1003 750 1112 827 etiam
1125 752 1194 829 sibi
1209 752 1264 829 iu·
1334 798 1337 803 ·

198 872 361 962 dicante,
384 867 877 969 patentemmanilestamque
901 866 1139 943 differentium
1163 884 1267 945 uota·

199 989 291 1059 visse
316 1000 489 1058 terrarum
510 985 623 1082 regni,
648 1009 736 1082 quas
758 982 1035 1080 ingrediebatur,
1058 1000 1094 1058 e't
1114 984 1266 1077 aliarum

200 1102 268 1175 sub
286 1101 422 1173 ditione
438 1100 539 1173 ducis
553 1099 777 1197 Burgundiae,
795 1124 816 1171 e
833 1100 965 1197 quibus
981 1100 1113 1194 exibat,
1130 1096 1267 1192 consti}
1301 1145 1305 1151 ·
1327 1181 1329 1185 ,

200 1220 363 1290 lentium.
395 1221 484 1291 Nam
510 1243 633 1315 agros,
656 1216 718 1289 ubi
736 1216 867 1315 pedem
883 1218 921 1289 in
947 1227 1263 1317 regnoposuerat,

201 1333 335 1431 ubique
359 1333 468 1406 ferme
488 1336 707 1433 squalentes,
734 1333 905 1426 incultos,
933 1333 1032 1405 rubis
1048 1334 1083 1405 et
1107 1334 1266 1410 sentibus

200 1464 307 1547 atque
325 1449 477 1523 dumetis
497 1451 660 1549 oppletos
675 1451 878 1542 invenerat,
896 1450 984 1521 raris
1005 1464 1041 1522 et
1058 1450 1191 1547 exiguis
1202 1474 1266 1524 oo·
1355 1540 1358 1545 Ι

198 1567 293 1639 lonis
308 1565 543 1658 inhabitatos,
563 1568 660 1666 ipsos
678 1566 784 1638 etiam
798 1588 966 1662 agrorum
979 1567 1133 1638 cultores
1149 1567 1267 1657 nudos

199 1708 300 1782 paene
316 1697 378 1756 aut
395 1684 606 1779 tegumentis
621 1682 751 1754 vilibus
770 1696 877 1780 atque
897 1683 1057 1755 laceratis
1073 1684 1196 1756 vultus
1209 1678 1266 1783 'ge-

199 1824 277 1871 rere
292 1824 488 1894 exsangues
512 1815 548 1870 et
570 1799 798 1890 macilentos,
826 1799 899 1894 qui.
914 1799 1122 1871 miserandae
1138 1825 1265 1874 eorum

199 1916 329 2016 iuopiae
354 1932 389 1987 et
414 1917 614 2014 paupertati
637 1916 831 2014 unicuique
854 1915 999 1987 eosdem
1025 1918 1176 1989 intuenti
1198 1944 1264 1992 no·

200 2033 290 2103 torie
308 2045 588 2122 -attestarentnr3
620 2031 784 2103 villarum
808 2054 894 2103 vero
919 2045 1025 2128 atque
1045 2033 1175 2106 aedium
1193 2049 1264 2107 tarn

198 2149 410 2220 rusticarum
425 2173 534 2246 quam
550 2146 772 2220 urbanarum
790 2147 923 2245 ubique
938 2149 1090 2220 inveniri
1107 2151 1266 2244 ingentes

192 2265 335 2359 ruinas,
354 2265 519 2338 materias
536 2264 670 2337 dirutas
686 2278 722 2336 et
746 2264 881 2360 majore
893 2288 936 2336 ex
953 2279 1053 2363 parte
1071 2266 1146 2336 sine
1163 2266 1265 2339 babi-

198 2395 335 2472 tatore3
362 2406 442 2479 quae
458 2370 544 2453 vero
569 2380 790 2474 incolantur,
808 2373 883 2452 tam
909 2381 1037 2452 misere
1057 2383 1262 2477 instructas,

197 2510 272 2569 tam
289 2497 350 2569 vili
366 2512 401 2570 et
412 2521 492 2570 rara
505 2496 745 2595 suppellectile
757 2510 918 2587 ornatas,
936 2510 977 2566 ut
992 2496 1081 2569 nihil
1100 2498 1197 2571 aliud
1215 2499 1232 2570 f
1249 2541 1264 2555 ·

198 2615 270 2687 cies
286 2639 472 2713 agrorum,
493 2613 685 2686 bominum
706 2627 813 2710 atque
839 2612 1003 2684 villarum
1026 2636 1137 2708 quam
1155 2629 1266 2703 extre,-

199 2755 296 2804 mam
318 2731 545 2832 pauperiem,
574 2729 811 2826 dejectionem
833 2742 940 2826 atque
959 2731 1162 2802 servitutem
1179 2756 1265 2830 prae·

198 2847 345 2941 tendere
366 2847 579 2936 rideantur3
607 2870 627 2918 e
650 2845 791 2916 diverso
807 2869 916 2937 vero,
938 2845 976 2915 in
997 2842 1098 2916 terris
1119 2844 1265 2919 ditionis

201 2963 424 3060 Burgimdiae,
440 2960 538 3034 unde
553 2962 630 3060 ipse
643 2959 826 3063 veniebat,
843 2959 965 3032 omnia
981 2959 1121 3046 llorere,
1141 2963 1264 3034 omnia

199 3080 295 3151 velut
316 3079 502 3179 splendere
523 3092 629 3174 atque
649 3075 805 3148 eminere
821 3075 927 3149 liceat
942 3064 1088 3147 cuilibet
1108 3076 1260 3148 intueri:

200 3191 357 3264 civitates
373 3206 479 3287 atque
505 3187 639 3288 oppida
660 3188 943 3285 frequentissima
968 3202 1004 3260 et
1018 3212 1131 3287 prope
1148 3192 1263 3262 conti-

200 3332 285 3399 nua,
302 3307 519 3406 populorum
535 3304 775 3397 multitudine,
787 3303 1016 3376 aedificiorum
1032 3304 1262 3400 magnificen-

202 3425 248 3499 tia
276 3439 311 3497 et
335 3424 514 3497 variarum
542 3447 655 3522 opum
683 3435 790 3519 atque
818 3421 917 3492 omni
944 3444 1072 3516 genere
1101 3423 1262 3520 pretiosae

200 3540 450 3639 suppellectilis
474 3539 719 3626 refertissima3
751 3539 788 3622 in
817 3538 909 3633 agris
932 3562 1018 3610 vero
1047 3553 1083 3610 et
1103 3540 1140 3610 in
1172 3541 1263 3613 villis

200 3656 289 3727 nibil
314 3655 515 3744 desertum,
542 3654 631 3726 nibil
646 3654 777 3726 inutile
807 3668 869 3726 aut
896 3654 1061 3750 squalens
1076 3655 1260 3746 inveniri,
1338 3640 1344 3653 “

200 3773 263 3845 sed
280 3774 401 3846 omnia
428 3773 498 3844 illic
521 3773 633 3865 culta,
661 3773 783 3844 omnia
807 3786 882 3844 sata
906 3773 959 3843 vel
980 3772 1026 3844 ad
1053 3774 1261 3847 animalium

201 3913 333 3987 pascua
352 3886 673 3961 utilitervdestinata
689 3886 800 3959 videri
821 3903 854 3961 el
871 3888 1019 3978 baberi3
1038 3889 1173 3962 nullam
1191 3891 1261 3963 illic

201 4007 330 4078 intueri
346 4007 503 4098 ruinam,
531 4003 666 4076 nullam
691 4005 879 4078 maceriem
909 4028 1059 4078 vacuam
1077 4021 1138 4078 aut
1161 4007 1260 4080 diru-

201 4137 297 4217 tam,
315 4122 377 4194 sed
390 4125 511 4195 omnia
525 4121 663 4194 colonis
676 4136 737 4192 ant
746 4121 1007 4194 habitatoribus
1021 4146 1095 4196 esse
1110 4125 1258 4223 repleta3

202 4238 356 4341 populos
367 4262 453 4311 vero
467 4223 592 4313 tamin
606 4236 747 4337 oppidis
762 4248 872 4336 q'uam
886 4239 923 4311 in
937 4240 1046 4335 agris,
1061 4254 1136 4314 tam
1148 4240 1258 4332 crille,
