2946 5070
203 439 240 494 62
475 436 731 494 ffisrontnauu
749 437 924 494 LUDOVICI
946 436 989 494 xl

202 569 310 662 Sixti,
338 583 423 640 tunc
450 567 579 638 summi
608 566 808 664 pontilicis,
838 571 1043 668 nepotem¹,
1061 568 1125 665 qui
1153 569 1266 666 copiis

203 682 415 755 militaribus
442 685 609 754 Romanae
631 683 785 755 ecclesiae
802 699 970 781 praeerat,
989 682 1056 755 sibi
1072 682 1267 780 adjungere

204 814 239 872 et
257 799 429 871 loederare
445 814 624 870 curarunt.
653 799 744 870 Alios
767 801 873 872 etiarn
895 801 931 872 in
955 800 1119 873 eamdem
1139 797 1268 871 urbem

204 914 366 986 elancrdo
383 930 419 986 et
433 915 582 986 latenter
603 916 835 1006 invexerunt3
852 941 1007 1014 quorum
1023 940 1134 1014 opera
1161 929 1269 1011 atque

205 1032 357 1122 auxilio,
372 1030 470 1127 quod
485 1055 559 1101 non
578 1047 817 1128 conceperant
829 1037 852 1124 ³,
868 1057 905 1103 se
919 1046 996 1104 tuto
1009 1047 1149 1132 patrare
1166 1055 1270 1129 posse

204 1147 471 1220 arbitrarentur.
500 1150 595 1217 lnter
620 1172 712 1243 quos
739 1163 834 1237 erat,
861 1163 897 1220 et
914 1150 989 1247 ipse
1010 1148 1055 1221 de
1078 1147 1212 1220 familia
1236 1162 1271 1219 et

205 1264 418 1359 cognatione
435 1263 480 1334 de
498 1262 626 1351 Passis,
650 1263 938 1363 archiepiscopus
957 1265 1105 1336 Pisanus
1115 1267 1140 1357 ⁸,
1163 1278 1270 1361 atque

206 1402 299 1449 unus
315 1379 422 1451 etiarn
441 1378 527 1450 certi
554 1379 693 1449 numeri
715 1380 866 1451 militum
886 1377 1065 1479 pontificis
1089 1379 1186 1468 dux,
1213 1381 1272 1449 Jo-

205 1493 343 1565 hannes
370 1495 559 1591 Baptista&
588 1498 671 1566 Erat
694 1509 729 1565 et
755 1495 791 1565 in
821 1520 865 1567 eo
888 1512 1049 1595 tempore
1076 1496 1114 1566 in
1143 1491 1271 1566 eadem

207 1608 296 1681 urbe
319 1610 505 1682 Florentiae
526 1633 620 1681 unus
641 1609 854 1704 cardinalis,
879 1612 1081 1710 apostolicae
1106 1609 1201 1683 sedis
1224 1609 1272 1681 le-

207 1741 307 1822 gatus
319 1730 341 1817 ⁵,
369 1725 617 1824 hujuscemodi
638 1725 857 1817 lactionum,
879 1742 918 1799 ut
944 1726 1177 1827 postmodum
1200 1726 1273 1799 cla·

206 1845 297 1933 ruit,
319 1869 465 1942 prorsus
483 1845 639 1940 ignarus,

255 1963 346 2032 Cum
360 1961 466 2057 igitur
482 1960 557 2031 dies
572 1960 759 2034 condictus
778 1961 1031 2051 adventasset⁶‚
1050 1985 1124 2060 quo
1145 1962 1202 2034 isti
1227 1961 1272 2033 de

205 2078 317 2148 Passis
336 2075 498 2148 nelandae
516 2076 678 2147 factionis
701 2094 772 2150 sttae
792 2079 1055 2151 exsecutionem
1076 2076 1273 2177 adimplere

207 2209 423 2286 statuerant,
443 2194 530 2292 ipsi,
550 2192 616 2263 sub
635 2195 805 2267 simulatae
821 2195 982 2267 amicitiae
998 2195 1139 2292 specie,
1159 2194 1274 2266 dictos

207 2309 298 2380 duos
317 2334 522 2406 germanos,
549 2312 777 2382 Laurentium
794 2325 829 2383 et
845 2311 1025 2384 lulianum
1044 2310 1089 2382 de
1106 2309 1271 2399 Medicis,

207 2424 253 2496 ad
270 2425 476 2496 convivium
492 2425 706 2517 invitarunt3
723 2427 769 2498 ad
786 2426 907 2522 quod,
928 2427 1016 2499 nihil
1031 2425 1106 2497 doli
1122 2425 1179 2495 vel
1196 2448 1274 2523 per-

208 2540 299 2615 fidiae
314 2543 549 2641 suspicantes,
568 2542 630 2615 sed
647 2568 690 2615 ex
706 2546 862 2618 amicitia
883 2561 918 2618 et
933 2547 1078 2618 caritate
1101 2568 1177 2617 reru
1198 2543 1274 2615 fieri

208 2675 395 2758 putantes,
416 2685 453 2731 se
469 2659 634 2731 lubenter
652 2676 824 2733 venturos
840 2662 1126 2760 spoponderunt.
1149 2661 1274 2733 Evenit

208 2790 327 2848 autern
354 2790 439 2847 tunc
468 2774 575 2846 lestus
596 2790 702 2872 atque
726 2775 876 2848 celebris
900 2776 993 2865 dies,
1018 2801 1091 2873 quo
1113 2775 1275 2871 hujusce·

208 2892 307 2964 modi
331 2892 537 2963 convivium
555 2890 766 2964 credebatur
786 2917 861 2964 esse
883 2891 1103 2982 laciendum,
1123 2892 1271 2989 inquo,

208 3022 249 3079 ut
278 3032 378 3080 sacra
400 3009 586 3080 missarum
610 3008 784 3081 solemnia
808 3010 844 3081 in
867 3010 1044 3108 praecipua
1071 3024 1107 3083 et
1138 3009 1272 3104 majore

210 3122 308 3194 urbis
337 3122 484 3195 basilica
516 3124 665 3196 laceret⁷
687 3124 804 3195 dictus
831 3124 1042 3218 cardinalis,
1070 3125 1272 3223 apostolice

210 3240 302 3313 sedis
330 3241 487 3338 legatus,
519 3241 631 3314 luerat
657 3255 820 3340 precatus
837 3258 872 3314 et
893 3257 1047 3339 rogatus.
1074 3246 1162 3330 Quae
1188 3267 1273 3316 cum

251 3442 280 3496 l.
303 3437 460 3497 Geronimo
482 3437 596 3510 diario,
619 3451 712 3497 comte
736 3438 773 3497 de
795 3441 871 3500 Forli
896 3454 926 3499 et
947 3440 1085 3512 d’lrnola,
1114 3459 1209 3500 neven
1233 3440 1272 3499 du

210 3550 286 3611 pape
299 3532 378 3592 sixte
390 3534 440 3589 1v.

250 3624 280 3682 2.
303 3614 503 3682 Evidernnrent
516 3625 535 3683 il
550 3626 610 3682 saut
623 3625 786 3704 supprimer
795 3625 823 3683 la
831 3629 967 3708 negation
980 3647 1056 3706 pour
1064 3647 1122 3704 que
1130 3627 1158 3686 la
1170 3628 1272 3705 phrase

211 3717 249 3776 ait
266 3737 304 3775 un
320 3738 396 3777 sens.
412 3722 456 3777 On
472 3733 541 3797 peut
557 3718 711 3778 substituer
724 3728 818 3777 animo
833 3725 849 3778 a
867 3743 931 3780 non.

253 3815 279 3870 3.
303 3814 463 3870 Francesco
478 3812 605 3884 Salviati‚
621 3813 804 3892 archeveque
820 3815 857 3873 de
870 3816 944 3876 Pise.

252 3909 281 3963 l.
302 3904 492 3964 Gianbattista
505 3905 534 3963 di
550 3911 741 3965 Montesecco.

252 4002 280 4055 5.
303 4001 342 4056 Le
355 3998 481 4057 cardinal
497 3998 636 4078 Raphael‚
650 4020 744 4059 neveu
759 4000 798 4060 du
811 4017 905 4061 comte
917 4005 1083 4063 Geronirno.

252 4094 280 4148 6.
303 4096 343 4149 Le
357 4092 526 4166 dimanche,
541 4097 580 4151 26
595 4094 667 4153 avril
683 4099 772 4156 ttttt.

253 4191 281 4244 t.
305 4190 421 4244 Fecerat
433 4187 504 4246 dans
518 4189 545 4246 le
558 4207 612 4247 ms.
