<?xml version="1.0" encoding="UTF-8"?>
<!DOCTYPE html PUBLIC "-//W3C//DTD XHTML 1.0 Transitional//EN"
    "http://www.w3.org/TR/xhtml1/DTD/xhtml1-transitional.dtd">
<html xmlns="http://www.w3.org/1999/xhtml" xml:lang="en" lang="en">
 <head>
  <title>
</title>
<meta http-equiv="Content-Type" content="text/html;charset=utf-8" />
  <meta name='ocr-system' content='tesseract 3.04.00' />
  <meta name='ocr-capabilities' content='ocr_page ocr_carea ocr_par ocr_line ocrx_word'/>
</head>
<body>
  <div class='ocr_page' id='page_1' title='image "./histoiredesrgne00amelgoog_0336.png"; bbox 0 0 2946 5070; ppageno 0'>
   <div class='ocr_carea' id='block_1_1' title="bbox 586 500 1255 561">
    <p class='ocr_par' dir='ltr' id='par_1_1' title="bbox 586 500 1255 561">
     <span class='ocr_line' id='line_1_1' title="bbox 586 500 1255 561; baseline 0 -2"><span class='ocrx_word' id='word_1_1' title='bbox 586 500 699 559; x_wconf 76' lang='lat' dir='ltr'>mua</span> <span class='ocrx_word' id='word_1_2' title='bbox 717 500 867 561; x_wconf 72' lang='lat' dir='ltr'>ttlttttus.</span> <span class='ocrx_word' id='word_1_3' title='bbox 1202 504 1255 559; x_wconf 73' lang='lat'>281</span> 
     </span>
    </p>
   </div>
   <div class='ocr_carea' id='block_1_2' title="bbox 199 630 1329 2251">
    <p class='ocr_par' dir='ltr' id='par_1_2' title="bbox 199 630 1329 2251">
     <span class='ocr_line' id='line_1_2' title="bbox 201 630 1262 735; baseline 0.001 -29"><span class='ocrx_word' id='word_1_4' title='bbox 201 633 328 733; x_wconf 78' lang='lat' dir='ltr'>positi,</span> <span class='ocrx_word' id='word_1_5' title='bbox 351 634 495 708; x_wconf 87' lang='lat' dir='ltr'>cuidam</span> <span class='ocrx_word' id='word_1_6' title='bbox 514 634 641 709; x_wconf 90' lang='lat' dir='ltr'>cadeto</span> <span class='ocrx_word' id='word_1_7' title='bbox 656 634 810 708; x_wconf 81' lang='lat' dir='ltr'>Daldret</span> <span class='ocrx_word' id='word_1_8' title='bbox 822 640 845 730; x_wconf 92' lang='lat'>¹,</span> <span class='ocrx_word' id='word_1_9' title='bbox 870 634 989 708; x_wconf 76' lang='lat' dir='ltr'>traditi</span> <span class='ocrx_word' id='word_1_10' title='bbox 1015 630 1172 731; x_wconf 76' lang='lat' dir='ltr'>luerint,</span> <span class='ocrx_word' id='word_1_11' title='bbox 1197 637 1262 735; x_wconf 85' lang='lat' dir='ltr'>qni¹</span> 
     </span>
     <span class='ocr_line' id='line_1_3' title="bbox 199 751 1262 855; baseline 0.007 -33"><span class='ocrx_word' id='word_1_12' title='bbox 199 776 264 823; x_wconf 90' lang='lat' dir='ltr'>eos</span> <span class='ocrx_word' id='word_1_13' title='bbox 277 751 325 823; x_wconf 90' lang='lat' dir='ltr'>ad</span> <span class='ocrx_word' id='word_1_14' title='bbox 340 776 431 849; x_wconf 90' lang='lat' dir='ltr'>quos</span> <span class='ocrx_word' id='word_1_15' title='bbox 442 752 548 827; x_wconf 91' lang='lat' dir='ltr'>libuit</span> <span class='ocrx_word' id='word_1_16' title='bbox 563 778 648 825; x_wconf 78' lang='lat' dir='ltr'>tuus</span> <span class='ocrx_word' id='word_1_17' title='bbox 661 754 862 853; x_wconf 84' lang='lat' dir='ltr'>applicare,</span> <span class='ocrx_word' id='word_1_18' title='bbox 886 754 953 826; x_wconf 90' lang='lat' dir='ltr'>Dei</span> <span class='ocrx_word' id='word_1_19' title='bbox 976 754 1104 843; x_wconf 79' lang='lat' dir='ltr'>timore</span> <span class='ocrx_word' id='word_1_20' title='bbox 1119 754 1262 855; x_wconf 85' lang='lat' dir='ltr'>postha-</span> 
     </span>
     <span class='ocr_line' id='line_1_4' title="bbox 200 867 1261 969; baseline 0.003 -29"><span class='ocrx_word' id='word_1_21' title='bbox 200 867 290 961; x_wconf 91' lang='lat' dir='ltr'>bito,</span> <span class='ocrx_word' id='word_1_22' title='bbox 311 868 458 940; x_wconf 89' lang='lat' dir='ltr'>minime</span> <span class='ocrx_word' id='word_1_23' title='bbox 485 867 701 943; x_wconf 75' lang='lat' dir='ltr'><strong>formidavit.</strong></span> <span class='ocrx_word' id='word_1_24' title='bbox 719 868 791 943; x_wconf 87' lang='lat' dir='ltr'>Sed</span> <span class='ocrx_word' id='word_1_25' title='bbox 808 868 1057 969; x_wconf 86' lang='lat' dir='ltr'>postmodum,</span> <span class='ocrx_word' id='word_1_26' title='bbox 1078 884 1261 953; x_wconf 80' lang='lat' dir='ltr'>contracta</span> 
     </span>
     <span class='ocr_line' id='line_1_5' title="bbox 200 984 1329 1084; baseline 0.004 -29"><span class='ocrx_word' id='word_1_27' title='bbox 200 1009 264 1084; x_wconf 86' lang='lat' dir='ltr'>per</span> <span class='ocrx_word' id='word_1_28' title='bbox 272 1010 356 1056; x_wconf 87' lang='lat' dir='ltr'>eum</span> <span class='ocrx_word' id='word_1_29' title='bbox 367 986 523 1083; x_wconf 90' lang='lat' dir='ltr'>quadam</span> <span class='ocrx_word' id='word_1_30' title='bbox 535 987 574 1057; x_wconf 94' lang='lat' dir='ltr'>in</span> <span class='ocrx_word' id='word_1_31' title='bbox 590 1010 712 1084; x_wconf 85' lang='lat' dir='ltr'>regem</span> <span class='ocrx_word' id='word_1_32' title='bbox 727 984 941 1081; x_wconf 76' lang='lat' dir='ltr'>ostensione,</span> <span class='ocrx_word' id='word_1_33' title='bbox 952 988 990 1060; x_wconf 90' lang='lat' dir='ltr'>in</span> <span class='ocrx_word' id='word_1_34' title='bbox 1005 986 1097 1063; x_wconf 90' lang='lat' dir='ltr'>urbe</span> <span class='ocrx_word' id='word_1_35' title='bbox 1112 988 1262 1061; x_wconf 84' lang='lat' dir='ltr'>Pictavis</span> <span class='ocrx_word' id='word_1_36' title='bbox 1324 1000 1329 1009; x_wconf 90' lang='lat'>&#39;</span> 
     </span>
     <span class='ocr_line' id='line_1_6' title="bbox 200 1102 1262 1203; baseline 0.004 -32"><span class='ocrx_word' id='word_1_37' title='bbox 200 1124 364 1198; x_wconf 86' lang='lat' dir='ltr'>pereum</span> <span class='ocrx_word' id='word_1_38' title='bbox 390 1102 504 1199; x_wconf 90' lang='lat' dir='ltr'>capite</span> <span class='ocrx_word' id='word_1_39' title='bbox 527 1102 652 1201; x_wconf 81' lang='lat' dir='ltr'>plexus</span> <span class='ocrx_word' id='word_1_40' title='bbox 675 1102 773 1175; x_wconf 87' lang='lat' dir='ltr'>etin</span> <span class='ocrx_word' id='word_1_41' title='bbox 794 1116 914 1203; x_wconf 82' lang='lat' dir='ltr'>partes</span> <span class='ocrx_word' id='word_1_42' title='bbox 938 1116 1094 1201; x_wconf 85' lang='lat' dir='ltr'>quatuor</span> <span class='ocrx_word' id='word_1_43' title='bbox 1110 1102 1262 1177; x_wconf 86' lang='lat' dir='ltr'>laniatus</span> 
     </span>
     <span class='ocr_line' id='line_1_7' title="bbox 202 1214 1264 1317; baseline 0.003 -31"><span class='ocrx_word' id='word_1_44' title='bbox 202 1231 319 1289; x_wconf 77' lang='lat' dir='ltr'>astate</span> <span class='ocrx_word' id='word_1_45' title='bbox 345 1219 506 1315; x_wconf 84' lang='lat' dir='ltr'>proxime</span> <span class='ocrx_word' id='word_1_46' title='bbox 531 1218 708 1317; x_wconf 87' lang='lat' dir='ltr'>praeterita</span> <span class='ocrx_word' id='word_1_47' title='bbox 732 1214 800 1315; x_wconf 77' lang='lat' dir='ltr'>luit</span> <span class='ocrx_word' id='word_1_48' title='bbox 810 1220 834 1289; x_wconf 85' lang='lat'>¹.</span> <span class='ocrx_word' id='word_1_49' title='bbox 863 1216 931 1291; x_wconf 91' lang='lat' dir='ltr'>Cui</span> <span class='ocrx_word' id='word_1_50' title='bbox 959 1216 1195 1291; x_wconf 89' lang='lat' dir='ltr'>nihilominus</span> <span class='ocrx_word' id='word_1_51' title='bbox 1222 1230 1264 1289; x_wconf 90' lang='lat' dir='ltr'>ut</span> 
     </span>
     <span class='ocr_line' id='line_1_8' title="bbox 200 1337 1263 1439; baseline 0.002 -32"><span class='ocrx_word' id='word_1_52' title='bbox 200 1339 296 1408; x_wconf 90' lang='lat' dir='ltr'>Deus</span> <span class='ocrx_word' id='word_1_53' title='bbox 309 1337 484 1436; x_wconf 85' lang='lat' dir='ltr'>propitius</span> <span class='ocrx_word' id='word_1_54' title='bbox 503 1362 579 1411; x_wconf 87' lang='lat' dir='ltr'>esse</span> <span class='ocrx_word' id='word_1_55' title='bbox 591 1338 759 1439; x_wconf 82' lang='lat' dir='ltr'>dignetur</span> <span class='ocrx_word' id='word_1_56' title='bbox 779 1350 888 1436; x_wconf 85' lang='lat' dir='ltr'>atque</span> <span class='ocrx_word' id='word_1_57' title='bbox 902 1352 1134 1439; x_wconf 83' lang='lat' dir='ltr'>peecatorum</span> <span class='ocrx_word' id='word_1_58' title='bbox 1152 1352 1188 1411; x_wconf 90' lang='lat' dir='ltr'>et</span> <span class='ocrx_word' id='word_1_59' title='bbox 1206 1362 1263 1411; x_wconf 89' lang='lat' dir='ltr'>er·</span> 
     </span>
     <span class='ocr_line' id='line_1_9' title="bbox 199 1453 1211 1555; baseline 0.002 -32"><span class='ocrx_word' id='word_1_60' title='bbox 199 1468 358 1526; x_wconf 90' lang='lat' dir='ltr'>ratorum</span> <span class='ocrx_word' id='word_1_61' title='bbox 376 1478 524 1526; x_wconf 89' lang='lat' dir='ltr'>suorum</span> <span class='ocrx_word' id='word_1_62' title='bbox 537 1454 619 1553; x_wconf 90' lang='lat' dir='ltr'>pius</span> <span class='ocrx_word' id='word_1_63' title='bbox 633 1453 807 1549; x_wconf 74' lang='lat' dir='ltr'><strong>indultor,</strong></span> <span class='ocrx_word' id='word_1_64' title='bbox 819 1454 998 1555; x_wconf 81' lang='lat' dir='ltr'>urpplioea</span> <span class='ocrx_word' id='word_1_65' title='bbox 1010 1478 1211 1527; x_wconf 84' lang='lat' dir='ltr'>exoramus.</span> 
     </span>
     <span class='ocr_line' id='line_1_10' title="bbox 249 1568 1264 1671; baseline 0.001 -31"><span class='ocrx_word' id='word_1_66' title='bbox 249 1572 366 1657; x_wconf 89' lang='lat' dir='ltr'>Quam</span> <span class='ocrx_word' id='word_1_67' title='bbox 392 1570 551 1667; x_wconf 91' lang='lat' dir='ltr'>primum</span> <span class='ocrx_word' id='word_1_68' title='bbox 575 1593 662 1643; x_wconf 81' lang='lat' dir='ltr'>vero</span> <span class='ocrx_word' id='word_1_69' title='bbox 684 1570 808 1671; x_wconf 66' lang='lat' dir='ltr'>patrie</span> <span class='ocrx_word' id='word_1_70' title='bbox 826 1568 917 1643; x_wconf 86' lang='lat' dir='ltr'>lines</span> <span class='ocrx_word' id='word_1_71' title='bbox 941 1568 1142 1667; x_wconf 80' lang='lat' dir='ltr'>attigimus,</span> <span class='ocrx_word' id='word_1_72' title='bbox 1156 1585 1198 1643; x_wconf 86' lang='lat' dir='ltr'>et</span> <span class='ocrx_word' id='word_1_73' title='bbox 1225 1572 1264 1643; x_wconf 88' lang='lat' dir='ltr'>in</span> 
     </span>
     <span class='ocr_line' id='line_1_11' title="bbox 200 1683 1266 1785; baseline 0.004 -30"><span class='ocrx_word' id='word_1_74' title='bbox 200 1686 300 1756; x_wconf 90' lang='lat' dir='ltr'>terris</span> <span class='ocrx_word' id='word_1_75' title='bbox 313 1686 415 1782; x_wconf 84' lang='lat' dir='ltr'>regiae</span> <span class='ocrx_word' id='word_1_76' title='bbox 431 1685 578 1758; x_wconf 91' lang='lat' dir='ltr'>ditionis</span> <span class='ocrx_word' id='word_1_77' title='bbox 591 1684 724 1785; x_wconf 87' lang='lat' dir='ltr'>pedem</span> <span class='ocrx_word' id='word_1_78' title='bbox 738 1686 939 1781; x_wconf 78' lang='lat' dir='ltr'>retulimus,</span> <span class='ocrx_word' id='word_1_79' title='bbox 961 1683 1136 1785; x_wconf 81' lang='lat' dir='ltr'>ooepimus</span> <span class='ocrx_word' id='word_1_80' title='bbox 1158 1684 1206 1758; x_wconf 91' lang='lat' dir='ltr'>ad</span> <span class='ocrx_word' id='word_1_81' title='bbox 1222 1686 1266 1759; x_wconf 91' lang='lat' dir='ltr'>li·</span> 
     </span>
     <span class='ocr_line' id='line_1_12' title="bbox 200 1798 1266 1899; baseline 0.004 -28"><span class='ocrx_word' id='word_1_82' title='bbox 200 1799 351 1898; x_wconf 93' lang='lat' dir='ltr'>quidum</span> <span class='ocrx_word' id='word_1_83' title='bbox 387 1825 581 1896; x_wconf 86' lang='lat' dir='ltr'>agnoscere</span> <span class='ocrx_word' id='word_1_84' title='bbox 614 1800 730 1899; x_wconf 85' lang='lat' dir='ltr'>qualia</span> <span class='ocrx_word' id='word_1_85' title='bbox 755 1800 865 1895; x_wconf 85' lang='lat' dir='ltr'>fides,</span> <span class='ocrx_word' id='word_1_86' title='bbox 896 1802 1012 1899; x_wconf 85' lang='lat' dir='ltr'>qualis</span> <span class='ocrx_word' id='word_1_87' title='bbox 1039 1798 1266 1875; x_wconf 82' lang='lat' dir='ltr'>observantia</span> 
     </span>
     <span class='ocr_line' id='line_1_13' title="bbox 200 1916 1267 2018; baseline 0.002 -29"><span class='ocrx_word' id='word_1_88' title='bbox 200 1933 306 2016; x_wconf 89' lang='lat' dir='ltr'>atque</span> <span class='ocrx_word' id='word_1_89' title='bbox 322 1919 501 1990; x_wconf 80' lang='lat' dir='ltr'>exsecutio</span> <span class='ocrx_word' id='word_1_90' title='bbox 526 1916 719 1991; x_wconf 89' lang='lat' dir='ltr'>haberetur</span> <span class='ocrx_word' id='word_1_91' title='bbox 731 1918 786 2003; x_wconf 86' lang='lat' dir='ltr'>¹de</span> <span class='ocrx_word' id='word_1_92' title='bbox 807 1917 985 2018; x_wconf 85' lang='lat' dir='ltr'>regalibus</span> <span class='ocrx_word' id='word_1_93' title='bbox 1007 1918 1077 1991; x_wconf 86' lang='lat' dir='ltr'>illis</span> <span class='ocrx_word' id='word_1_94' title='bbox 1099 1916 1267 1993; x_wconf 84' lang='lat' dir='ltr'>abolitio-</span> 
     </span>
     <span class='ocr_line' id='line_1_14' title="bbox 201 2032 1266 2135; baseline 0.003 -31"><span class='ocrx_word' id='word_1_95' title='bbox 201 2032 305 2106; x_wconf 88' lang='lat' dir='ltr'>nibus</span> <span class='ocrx_word' id='word_1_96' title='bbox 329 2060 483 2132; x_wconf 91' lang='lat' dir='ltr'>quarum</span> <span class='ocrx_word' id='word_1_97' title='bbox 505 2048 745 2134; x_wconf 89' lang='lat' dir='ltr'>transsumpta</span> <span class='ocrx_word' id='word_1_98' title='bbox 769 2034 975 2109; x_wconf 87' lang='lat' dir='ltr'>authentica</span> <span class='ocrx_word' id='word_1_99' title='bbox 995 2058 1062 2135; x_wconf 88' lang='lat' dir='ltr'>pro</span> <span class='ocrx_word' id='word_1_100' title='bbox 1078 2033 1266 2109; x_wconf 75' lang='lat' dir='ltr'>securitate</span> 
     </span>
     <span class='ocr_line' id='line_1_15' title="bbox 200 2149 1263 2251; baseline 0.004 -32"><span class='ocrx_word' id='word_1_101' title='bbox 200 2149 390 2223; x_wconf 93' lang='lat' dir='ltr'>nobiscum</span> <span class='ocrx_word' id='word_1_102' title='bbox 414 2150 627 2225; x_wconf 87' lang='lat' dir='ltr'>ferebamus.</span> <span class='ocrx_word' id='word_1_103' title='bbox 659 2152 729 2224; x_wconf 88' lang='lat' dir='ltr'>Sed</span> <span class='ocrx_word' id='word_1_104' title='bbox 759 2153 862 2251; x_wconf 82' lang='lat' dir='ltr'>quia,</span> <span class='ocrx_word' id='word_1_105' title='bbox 892 2167 932 2225; x_wconf 92' lang='lat' dir='ltr'>ut</span> <span class='ocrx_word' id='word_1_106' title='bbox 956 2152 1124 2251; x_wconf 82' lang='lat' dir='ltr'>Tragicus</span> <span class='ocrx_word' id='word_1_107' title='bbox 1147 2152 1263 2245; x_wconf 87' lang='lat' dir='ltr'>canit,</span> 
     </span>
    </p>
   </div>
   <div class='ocr_carea' id='block_1_3' title="bbox 298 2330 1064 2426">
    <p class='ocr_par' dir='ltr' id='par_1_3' title="bbox 298 2330 1064 2426">
     <span class='ocr_line' id='line_1_16' title="bbox 298 2330 1064 2426; baseline 0.003 -29"><span class='ocrx_word' id='word_1_108' title='bbox 298 2332 411 2397; x_wconf 90' lang='lat' dir='ltr'>Serum</span> <span class='ocrx_word' id='word_1_109' title='bbox 425 2350 472 2398; x_wconf 89' lang='lat' dir='ltr'>est</span> <span class='ocrx_word' id='word_1_110' title='bbox 488 2334 622 2400; x_wconf 87' lang='lat' dir='ltr'>cavendi</span> <span class='ocrx_word' id='word_1_111' title='bbox 638 2353 763 2426; x_wconf 87' lang='lat' dir='ltr'>tempus</span> <span class='ocrx_word' id='word_1_112' title='bbox 780 2335 814 2399; x_wconf 90' lang='lat' dir='ltr'>in</span> <span class='ocrx_word' id='word_1_113' title='bbox 830 2332 945 2399; x_wconf 84' lang='lat' dir='ltr'>mediis</span> <span class='ocrx_word' id='word_1_114' title='bbox 959 2330 1064 2417; x_wconf 74' lang='lat' dir='ltr'>matis,</span> 
     </span>
    </p>
   </div>
   <div class='ocr_carea' id='block_1_4' title="bbox 196 2500 1268 3646">
    <p class='ocr_par' dir='ltr' id='par_1_4' title="bbox 196 2500 1268 3646">
     <span class='ocr_line' id='line_1_17' title="bbox 196 2500 1266 2599; baseline 0 -26"><span class='ocrx_word' id='word_1_115' title='bbox 196 2503 271 2599; x_wconf 89' lang='lat' dir='ltr'>jam</span> <span class='ocrx_word' id='word_1_116' title='bbox 293 2500 420 2573; x_wconf 82' lang='lat' dir='ltr'>lurstra</span> <span class='ocrx_word' id='word_1_117' title='bbox 436 2501 542 2574; x_wconf 88' lang='lat' dir='ltr'>nohis</span> <span class='ocrx_word' id='word_1_118' title='bbox 561 2501 606 2574; x_wconf 91' lang='lat' dir='ltr'>de</span> <span class='ocrx_word' id='word_1_119' title='bbox 628 2503 815 2575; x_wconf 87' lang='lat' dir='ltr'>temeraria</span> <span class='ocrx_word' id='word_1_120' title='bbox 836 2500 1056 2574; x_wconf 81' lang='lat' dir='ltr'>confidentia</span> <span class='ocrx_word' id='word_1_121' title='bbox 1078 2501 1266 2598; x_wconf 83' lang='lat' dir='ltr'>poeuitudo</span> 
     </span>
     <span class='ocr_line' id='line_1_18' title="bbox 201 2614 1265 2716; baseline -0.002 -27"><span class='ocrx_word' id='word_1_122' title='bbox 201 2616 408 2691; x_wconf 86' lang='lat' dir='ltr'>ducebatur.</span> <span class='ocrx_word' id='word_1_123' title='bbox 431 2623 520 2690; x_wconf 87' lang='lat' dir='ltr'>Nam</span> <span class='ocrx_word' id='word_1_124' title='bbox 545 2619 695 2716; x_wconf 85' lang='lat' dir='ltr'>gradum</span> <span class='ocrx_word' id='word_1_125' title='bbox 725 2641 894 2689; x_wconf 85' lang='lat' dir='ltr'>revocare</span> <span class='ocrx_word' id='word_1_126' title='bbox 913 2641 987 2687; x_wconf 94' lang='lat' dir='ltr'>non</span> <span class='ocrx_word' id='word_1_127' title='bbox 1009 2614 1157 2707; x_wconf 81' lang='lat' dir='ltr'>licebat,</span> <span class='ocrx_word' id='word_1_128' title='bbox 1183 2641 1265 2687; x_wconf 90' lang='lat' dir='ltr'>cum</span> 
     </span>
     <span class='ocr_line' id='line_1_19' title="bbox 202 2730 1265 2831; baseline -0.005 -24"><span class='ocrx_word' id='word_1_129' title='bbox 202 2734 268 2807; x_wconf 89' lang='lat' dir='ltr'>sub</span> <span class='ocrx_word' id='word_1_130' title='bbox 288 2735 507 2807; x_wconf 88' lang='lat' dir='ltr'>districtione</span> <span class='ocrx_word' id='word_1_131' title='bbox 528 2736 624 2831; x_wconf 82' lang='lat' dir='ltr'>regia</span> <span class='ocrx_word' id='word_1_132' title='bbox 647 2748 863 2824; x_wconf 89' lang='lat' dir='ltr'>teneremur,</span> <span class='ocrx_word' id='word_1_133' title='bbox 883 2732 945 2803; x_wconf 91' lang='lat' dir='ltr'>sed</span> <span class='ocrx_word' id='word_1_134' title='bbox 961 2730 1265 2829; x_wconf 85' lang='lat' dir='ltr'>progrediendum</span> 
     </span>
     <span class='ocr_line' id='line_1_20' title="bbox 202 2846 1266 2948; baseline -0.003 -27"><span class='ocrx_word' id='word_1_135' title='bbox 202 2850 348 2921; x_wconf 90' lang='lat' dir='ltr'>ulterius</span> <span class='ocrx_word' id='word_1_136' title='bbox 375 2863 451 2921; x_wconf 86' lang='lat' dir='ltr'>erat</span> <span class='ocrx_word' id='word_1_137' title='bbox 473 2865 507 2921; x_wconf 91' lang='lat' dir='ltr'>et</span> <span class='ocrx_word' id='word_1_138' title='bbox 530 2848 786 2948; x_wconf 85' lang='lat' dir='ltr'>experiendum</span> <span class='ocrx_word' id='word_1_139' title='bbox 802 2847 916 2945; x_wconf 88' lang='lat' dir='ltr'>qualis</span> <span class='ocrx_word' id='word_1_140' title='bbox 938 2872 1004 2918; x_wconf 93' lang='lat' dir='ltr'>nos</span> <span class='ocrx_word' id='word_1_141' title='bbox 1022 2847 1166 2919; x_wconf 89' lang='lat' dir='ltr'>inantea</span> <span class='ocrx_word' id='word_1_142' title='bbox 1195 2846 1266 2918; x_wconf 86' lang='lat' dir='ltr'>sor-</span> 
     </span>
     <span class='ocr_line' id='line_1_21' title="bbox 203 2963 1268 3063; baseline -0.003 -26"><span class='ocrx_word' id='word_1_143' title='bbox 203 2981 290 3039; x_wconf 88' lang='lat' dir='ltr'>tuna</span> <span class='ocrx_word' id='word_1_144' title='bbox 312 2979 485 3038; x_wconf 88' lang='lat' dir='ltr'>maneret.</span> <span class='ocrx_word' id='word_1_145' title='bbox 514 2970 656 3037; x_wconf 87' lang='lat' dir='ltr'>Etcum</span> <span class='ocrx_word' id='word_1_146' title='bbox 673 2989 715 3036; x_wconf 84' lang='lat' dir='ltr'>ex</span> <span class='ocrx_word' id='word_1_147' title='bbox 738 2963 963 3058; x_wconf 83' lang='lat' dir='ltr'>Rotlromago</span> <span class='ocrx_word' id='word_1_148' title='bbox 987 2963 1024 3033; x_wconf 91' lang='lat' dir='ltr'>in</span> <span class='ocrx_word' id='word_1_149' title='bbox 1046 2963 1123 3063; x_wconf 82' lang='lat' dir='ltr'>ipso</span> <span class='ocrx_word' id='word_1_150' title='bbox 1143 2963 1268 3057; x_wconf 85' lang='lat' dir='ltr'>regalis</span> 
     </span>
     <span class='ocr_line' id='line_1_22' title="bbox 203 3079 1267 3176; baseline -0.007 -21"><span class='ocrx_word' id='word_1_151' title='bbox 203 3084 381 3156; x_wconf 86' lang='lat' dir='ltr'>districtus</span> <span class='ocrx_word' id='word_1_152' title='bbox 399 3083 524 3155; x_wconf 86' lang='lat' dir='ltr'>limine</span> <span class='ocrx_word' id='word_1_153' title='bbox 545 3082 649 3154; x_wconf 93' lang='lat' dir='ltr'>nobis</span> <span class='ocrx_word' id='word_1_154' title='bbox 674 3081 897 3152; x_wconf 88' lang='lat' dir='ltr'>nuntiaretur</span> <span class='ocrx_word' id='word_1_155' title='bbox 913 3104 980 3150; x_wconf 90' lang='lat' dir='ltr'>nos</span> <span class='ocrx_word' id='word_1_156' title='bbox 1001 3079 1047 3151; x_wconf 88' lang='lat' dir='ltr'>ad</span> <span class='ocrx_word' id='word_1_157' title='bbox 1070 3081 1161 3174; x_wconf 80' lang='lat' dir='ltr'>regis</span> <span class='ocrx_word' id='word_1_158' title='bbox 1181 3104 1267 3176; x_wconf 79' lang='lat' dir='ltr'>pnr-</span> 
     </span>
     <span class='ocr_line' id='line_1_23' title="bbox 202 3193 1267 3296; baseline -0.006 -24"><span class='ocrx_word' id='word_1_159' title='bbox 202 3202 370 3292; x_wconf 86' lang='lat' dir='ltr'>sentiam,</span> <span class='ocrx_word' id='word_1_160' title='bbox 395 3200 458 3296; x_wconf 91' lang='lat' dir='ltr'>qui</span> <span class='ocrx_word' id='word_1_161' title='bbox 482 3214 568 3270; x_wconf 89' lang='lat' dir='ltr'>tunc</span> <span class='ocrx_word' id='word_1_162' title='bbox 591 3198 788 3269; x_wconf 79' lang='lat' dir='ltr'>Aurelianis</span> <span class='ocrx_word' id='word_1_163' title='bbox 815 3209 891 3267; x_wconf 90' lang='lat' dir='ltr'>erat</span> <span class='ocrx_word' id='word_1_164' title='bbox 903 3197 927 3288; x_wconf 82' lang='lat'>³,</span> <span class='ocrx_word' id='word_1_165' title='bbox 955 3193 1050 3267; x_wconf 92' lang='lat' dir='ltr'>illico</span> <span class='ocrx_word' id='word_1_166' title='bbox 1075 3209 1110 3266; x_wconf 89' lang='lat' dir='ltr'>et</span> <span class='ocrx_word' id='word_1_167' title='bbox 1131 3194 1267 3291; x_wconf 87' lang='lat' dir='ltr'>absque</span> 
     </span>
     <span class='ocr_line' id='line_1_24' title="bbox 204 3311 1266 3404; baseline -0.004 -19"><span class='ocrx_word' id='word_1_168' title='bbox 204 3316 275 3388; x_wconf 91' lang='lat' dir='ltr'>ulla</span> <span class='ocrx_word' id='word_1_169' title='bbox 291 3316 517 3388; x_wconf 87' lang='lat' dir='ltr'>cunctatione</span> <span class='ocrx_word' id='word_1_170' title='bbox 531 3314 662 3389; x_wconf 88' lang='lat' dir='ltr'>debere</span> <span class='ocrx_word' id='word_1_171' title='bbox 674 3311 864 3404; x_wconf 87' lang='lat' dir='ltr'>accedere,</span> <span class='ocrx_word' id='word_1_172' title='bbox 880 3325 916 3382; x_wconf 90' lang='lat' dir='ltr'>et</span> <span class='ocrx_word' id='word_1_173' title='bbox 931 3325 983 3404; x_wconf 94' lang='lat' dir='ltr'>ut,</span> <span class='ocrx_word' id='word_1_174' title='bbox 1002 3311 1126 3382; x_wconf 88' lang='lat' dir='ltr'>relicto</span> <span class='ocrx_word' id='word_1_175' title='bbox 1142 3311 1266 3381; x_wconf 87' lang='lat' dir='ltr'>itinere</span> 
     </span>
     <span class='ocr_line' id='line_1_25' title="bbox 204 3425 1268 3528; baseline -0.006 -27"><span class='ocrx_word' id='word_1_176' title='bbox 204 3456 268 3528; x_wconf 90' lang='lat' dir='ltr'>per</span> <span class='ocrx_word' id='word_1_177' title='bbox 285 3431 546 3525; x_wconf 78' lang='lat' dir='ltr'>Rotlromagum</span> <span class='ocrx_word' id='word_1_178' title='bbox 572 3432 659 3528; x_wconf 77' lang='lat' dir='ltr'>(qua</span> <span class='ocrx_word' id='word_1_179' title='bbox 680 3443 776 3500; x_wconf 87' lang='lat' dir='ltr'>recta</span> <span class='ocrx_word' id='word_1_180' title='bbox 799 3426 904 3498; x_wconf 88' lang='lat' dir='ltr'>nobis</span> <span class='ocrx_word' id='word_1_181' title='bbox 919 3425 1063 3526; x_wconf 87' lang='lat' dir='ltr'>patebat</span> <span class='ocrx_word' id='word_1_182' title='bbox 1084 3425 1171 3521; x_wconf 82' lang='lat' dir='ltr'>via),</span> <span class='ocrx_word' id='word_1_183' title='bbox 1201 3432 1268 3495; x_wconf 77' lang='lat' dir='ltr'>Au·</span> 
     </span>
     <span class='ocr_line' id='line_1_26' title="bbox 204 3543 1267 3646; baseline -0.006 -28"><span class='ocrx_word' id='word_1_184' title='bbox 204 3548 344 3620; x_wconf 91' lang='lat' dir='ltr'>relianis</span> <span class='ocrx_word' id='word_1_185' title='bbox 359 3573 424 3646; x_wconf 84' lang='lat' dir='ltr'>par</span> <span class='ocrx_word' id='word_1_186' title='bbox 443 3549 547 3621; x_wconf 84' lang='lat' dir='ltr'>silvas</span> <span class='ocrx_word' id='word_1_187' title='bbox 561 3563 597 3619; x_wconf 88' lang='lat' dir='ltr'>et</span> <span class='ocrx_word' id='word_1_188' title='bbox 612 3547 708 3619; x_wconf 90' lang='lat' dir='ltr'>invia</span> <span class='ocrx_word' id='word_1_189' title='bbox 723 3543 887 3642; x_wconf 84' lang='lat' dir='ltr'>quaedam</span> <span class='ocrx_word' id='word_1_190' title='bbox 907 3557 1014 3640; x_wconf 91' lang='lat' dir='ltr'>atque</span> <span class='ocrx_word' id='word_1_191' title='bbox 1033 3544 1170 3616; x_wconf 90' lang='lat' dir='ltr'>deserta</span> <span class='ocrx_word' id='word_1_192' title='bbox 1188 3543 1267 3614; x_wconf 92' lang='lat' dir='ltr'>loca</span> 
     </span>
    </p>
   </div>
   <div class='ocr_carea' id='block_1_5' title="bbox 248 3782 1389 3871">
    <p class='ocr_par' dir='ltr' id='par_1_5' title="bbox 248 3782 1389 3871">
     <span class='ocr_line' id='line_1_27' title="bbox 248 3782 1389 3871; baseline -0.009 -20"><span class='ocrx_word' id='word_1_193' title='bbox 248 3796 277 3851; x_wconf 87' lang='lat' dir='ltr'>t.</span> <span class='ocrx_word' id='word_1_194' title='bbox 300 3791 419 3852; x_wconf 84' lang='lat' dir='ltr'>charles</span> <span class='ocrx_word' id='word_1_195' title='bbox 440 3790 591 3863; x_wconf 80' lang='lat' dir='ltr'>d’Albret,</span> <span class='ocrx_word' id='word_1_196' title='bbox 616 3790 752 3871; x_wconf 74' lang='lat' dir='ltr'>seigneur</span> <span class='ocrx_word' id='word_1_197' title='bbox 773 3786 811 3846; x_wconf 86' lang='lat' dir='ltr'>de</span> <span class='ocrx_word' id='word_1_198' title='bbox 829 3786 1065 3857; x_wconf 86' lang='lat' dir='ltr'>Saint-Baaeille,</span> <span class='ocrx_word' id='word_1_199' title='bbox 1091 3782 1220 3863; x_wconf 68' lang='lat' dir='ltr'>decapite</span> <span class='ocrx_word' id='word_1_200' title='bbox 1249 3783 1267 3842; x_wconf 84' lang='lat' dir='ltr'>lt</span> <span class='ocrx_word' id='word_1_201' title='bbox 1385 3858 1389 3867; x_wconf 34' lang='grc' dir='ltr'>Ι</span> 
     </span>
    </p>
   </div>
   <div class='ocr_carea' id='block_1_6' title="bbox 207 3885 1270 4322">
    <p class='ocr_par' dir='ltr' id='par_1_6' title="bbox 208 3885 607 3961">
     <span class='ocr_line' id='line_1_28' title="bbox 208 3885 607 3961; baseline 0 -19"><span class='ocrx_word' id='word_1_202' title='bbox 208 3886 339 3961; x_wconf 85' lang='lat' dir='ltr'>Poitiers,</span> <span class='ocrx_word' id='word_1_203' title='bbox 354 3885 381 3943; x_wconf 89' lang='lat' dir='ltr'>le</span> <span class='ocrx_word' id='word_1_204' title='bbox 397 3891 413 3945; x_wconf 82' lang='grc'><strong>7</strong></span> <span class='ocrx_word' id='word_1_205' title='bbox 432 3885 505 3943; x_wconf 88' lang='lat' dir='ltr'>avril</span> <span class='ocrx_word' id='word_1_206' title='bbox 519 3888 607 3943; x_wconf 69' lang='lat' dir='ltr'>tata.</span> 
     </span>
    </p>

    <p class='ocr_par' dir='ltr' id='par_1_7' title="bbox 246 3972 1108 4050">
     <span class='ocr_line' id='line_1_29' title="bbox 246 3972 1108 4050; baseline -0.008 -13"><span class='ocrx_word' id='word_1_207' title='bbox 246 3981 275 4037; x_wconf 79' lang='lat'>2.</span> <span class='ocrx_word' id='word_1_208' title='bbox 298 3983 435 4037; x_wconf 82' lang='lat' dir='ltr'>L&#39;auteur</span> <span class='ocrx_word' id='word_1_209' title='bbox 448 3977 561 4036; x_wconf 85' lang='lat' dir='ltr'>rerient</span> <span class='ocrx_word' id='word_1_210' title='bbox 573 3997 624 4035; x_wconf 91' lang='lat' dir='ltr'>sur</span> <span class='ocrx_word' id='word_1_211' title='bbox 637 3995 670 4035; x_wconf 89' lang='lat' dir='ltr'>ce</span> <span class='ocrx_word' id='word_1_212' title='bbox 683 3975 735 4034; x_wconf 87' lang='lat' dir='ltr'>fait</span> <span class='ocrx_word' id='word_1_213' title='bbox 747 3975 819 4035; x_wconf 85' lang='lat' dir='ltr'>dans</span> <span class='ocrx_word' id='word_1_214' title='bbox 834 3993 887 4033; x_wconf 87' lang='lat' dir='ltr'>son</span> <span class='ocrx_word' id='word_1_215' title='bbox 901 3972 1030 4050; x_wconf 88' lang='lat' dir='ltr'>chapitre</span> <span class='ocrx_word' id='word_1_216' title='bbox 1047 3990 1108 4030; x_wconf 86' lang='lat' dir='ltr'>xx1.</span> 
     </span>
    </p>

    <p class='ocr_par' dir='ltr' id='par_1_8' title="bbox 207 4060 1270 4322">
     <span class='ocr_line' id='line_1_30' title="bbox 249 4060 1270 4146; baseline -0.013 -16"><span class='ocrx_word' id='word_1_217' title='bbox 249 4076 277 4132; x_wconf 89' lang='grc'>3.</span> <span class='ocrx_word' id='word_1_218' title='bbox 297 4072 385 4129; x_wconf 87' lang='lat' dir='ltr'>Louis</span> <span class='ocrx_word' id='word_1_219' title='bbox 398 4074 441 4129; x_wconf 85' lang='lat' dir='ltr'>xl</span> <span class='ocrx_word' id='word_1_220' title='bbox 455 4091 485 4129; x_wconf 88' lang='lat' dir='ltr'>se</span> <span class='ocrx_word' id='word_1_221' title='bbox 499 4070 553 4128; x_wconf 90' lang='lat' dir='ltr'>tint</span> <span class='ocrx_word' id='word_1_222' title='bbox 566 4073 583 4127; x_wconf 76' lang='lat' dir='ltr'>d</span> <span class='ocrx_word' id='word_1_223' title='bbox 597 4068 717 4127; x_wconf 75' lang='lat' dir='ltr'>Orlians</span> <span class='ocrx_word' id='word_1_224' title='bbox 735 4066 838 4146; x_wconf 89' lang='lat' dir='ltr'>depuis</span> <span class='ocrx_word' id='word_1_225' title='bbox 851 4067 880 4125; x_wconf 92' lang='lat' dir='ltr'>la</span> <span class='ocrx_word' id='word_1_226' title='bbox 896 4067 935 4124; x_wconf 88' lang='lat' dir='ltr'>lin</span> <span class='ocrx_word' id='word_1_227' title='bbox 949 4062 1098 4122; x_wconf 89' lang='lat' dir='ltr'>d’octobre</span> <span class='ocrx_word' id='word_1_228' title='bbox 1112 4062 1150 4134; x_wconf 92' lang='lat' dir='ltr'>(il</span> <span class='ocrx_word' id='word_1_229' title='bbox 1168 4080 1186 4137; x_wconf 82' lang='lat' dir='ltr'>y</span> <span class='ocrx_word' id='word_1_230' title='bbox 1201 4060 1270 4119; x_wconf 75' lang='lat' dir='ltr'>etait</span> 
     </span>
     <span class='ocr_line' id='line_1_31' title="bbox 207 4159 1268 4244; baseline -0.012 -21"><span class='ocrx_word' id='word_1_231' title='bbox 207 4166 234 4225; x_wconf 92' lang='lat' dir='ltr'>le</span> <span class='ocrx_word' id='word_1_232' title='bbox 243 4168 299 4241; x_wconf 77' lang='lat'>22)</span> <span class='ocrx_word' id='word_1_233' title='bbox 307 4164 423 4244; x_wconf 75' lang='lat' dir='ltr'>jusqu’a</span> <span class='ocrx_word' id='word_1_234' title='bbox 432 4166 460 4225; x_wconf 90' lang='lat' dir='ltr'>la</span> <span class='ocrx_word' id='word_1_235' title='bbox 469 4167 508 4223; x_wconf 90' lang='lat' dir='ltr'>srn</span> <span class='ocrx_word' id='word_1_236' title='bbox 524 4164 561 4224; x_wconf 92' lang='lat' dir='ltr'>de</span> <span class='ocrx_word' id='word_1_237' title='bbox 572 4162 726 4225; x_wconf 66' lang='lat' dir='ltr'>decembre</span> <span class='ocrx_word' id='word_1_238' title='bbox 735 4165 827 4221; x_wconf 71' lang='lat' dir='ltr'>ttae.</span> <span class='ocrx_word' id='word_1_239' title='bbox 843 4164 968 4219; x_wconf 77' lang='lat' dir='ltr'>Ordonn.</span> <span class='ocrx_word' id='word_1_240' title='bbox 982 4160 1096 4215; x_wconf 81' lang='lat' dir='ltr'>desrois</span> <span class='ocrx_word' id='word_1_241' title='bbox 1105 4159 1141 4213; x_wconf 81' lang='lat' dir='ltr'>dc</span> <span class='ocrx_word' id='word_1_242' title='bbox 1150 4160 1268 4221; x_wconf 80' lang='lat' dir='ltr'>Frarrce,</span> 
     </span>
     <span class='ocr_line' id='line_1_32' title="bbox 208 4263 326 4322; baseline -0.008 -5"><span class='ocrx_word' id='word_1_243' title='bbox 208 4272 230 4319; x_wconf 82' lang='lat' dir='ltr'>t.</span> <span class='ocrx_word' id='word_1_244' title='bbox 248 4263 326 4322; x_wconf 75' lang='lat' dir='ltr'>xvt.</span> 
     </span>
    </p>
   </div>
   <div class='ocr_carea' id='block_1_7' title="bbox 0 0 1489 5070">
    <p class='ocr_par' dir='ltr' id='par_1_9' title="bbox 0 0 1489 5070">
     <span class='ocr_line' id='line_1_33' title="bbox 0 0 1489 5070; baseline 0 0"><span class='ocrx_word' id='word_1_245' title='bbox 0 0 1489 5070; x_wconf 95' lang='lat' dir='ltr'> </span> 
     </span>
    </p>
   </div>
  </div>
 </body>
</html>
