2946 5070
502 469 610 525 LIBER
631 466 833 525 SECUNDUS.
1145 471 1203 530 :tat

142 599 330 698 complecti
357 598 572 674 sullicienter
600 622 704 698 posse
728 598 980 697 existimamus.
1007 600 1057 673 Ad
1080 626 1207 676 omnes

141 715 236 786 enim
272 716 364 789 rixas
391 731 426 788 et
447 717 494 789 ad
513 741 640 789 omnes
666 714 881 809 cachinnos,
909 716 955 787 ad
978 741 1104 791 omnes
1123 743 1208 791 con-

141 832 317 904 tentiones
340 846 377 905 et
403 832 674 925 altercationes,
704 830 749 904 ad
777 855 923 903 omnem
950 832 995 904 de
1013 837 1205 933 possessio·

138 946 243 1019 nibus
269 950 325 1020 vel
348 947 537 1021 mobilium
565 950 622 1019 vel
649 946 890 1020 immobilium
916 973 1036 1021 rerum
1060 966 1205 1025 contro·

140 1064 310 1159 versiam,
350 1067 447 1137 velut
478 1065 811 1165 promovendorum
845 1090 887 1137 ac
919 1066 1205 1143 suscitandorum

138 1180 334 1278 litigiorum
352 1183 518 1257 omnium
540 1183 702 1256 stimulus
725 1183 890 1282 quidam,
919 1199 1047 1283 praesto
1068 1210 1208 1287 semper

137 1298 237 1381 adest
251 1314 291 1371 et
306 1300 499 1396 unicuique
513 1301 755 1399 paratissimus
770 1298 961 1374 adhibetur
973 1305 999 1392 ¹3
1019 1299 1206 1401 firmatque

136 1439 179 1487 ac
205 1428 279 1488 tam
301 1418 471 1490 tenaciter
496 1417 652 1490 aduncat
673 1431 709 1490 et
737 1443 820 1490 eum
836 1420 938 1514 cujus
961 1443 1003 1490 ex
1025 1443 1087 1492 ore
1107 1421 1204 1494 vola·

135 1534 245 1623 verit,
279 1548 315 1605 et
341 1560 424 1606 eum
453 1550 579 1607 contra
606 1559 712 1631 quem
735 1536 883 1607 emissus
907 1536 968 1628 sit,
995 1550 1036 1609 ut
1054 1519 1114 1607 ¹vix
1139 1536 1204 1610 ali-

137 1650 282 1744 quando
302 1666 438 1750 postea,
455 1651 522 1722 nisi
543 1665 624 1748 post
642 1673 792 1747 magnos
808 1664 970 1748 sumptus
983 1665 1018 1722 et
1040 1649 1199 1746 labores,

134 1764 241 1837 etiam
269 1766 509 1863 quamtumvis
531 1766 623 1837 inter
641 1790 716 1838 sese
737 1766 972 1838 reconciliatae
997 1765 1067 1836 sint
1085 1782 1202 1864 partes

133 1895 170 1952 et
202 1881 452 1954 benevolentia
483 1897 589 1978 atque
612 1883 767 1955 amicitia
798 1882 957 1974 reunitae,
989 1905 1027 1953 se
1060 1884 1200 1956 uncinis

134 1997 227 2069 illius
257 2013 292 2069 et
317 1998 453 2096 laqueis
477 1999 613 2098 possint
641 1999 817 2072 evolvere.
856 2001 1005 2072 Gratum
1038 2001 1199 2099 prolecto

133 2129 167 2185 et
186 2116 368 2187 lucrosum
392 2115 510 2193 totius,
526 2116 646 2215 patriae
673 2115 901 2188 advocationi
915 2131 951 2187 et
966 2115 1199 2190 tribunalium

136 2230 262 2302 officiis
283 2231 533 2324 adinventum,
552 2231 652 2328 quod
668 2231 815 2328 singulis
835 2254 936 2329 paene
951 2231 1050 2303 horis
1068 2246 1104 2304 et
1120 2258 1198 2306 mo·

134 2350 264 2421 mentis
294 2347 372 2421 lites
399 2349 491 2421 inter
520 2349 756 2448 provinciales
787 2350 825 2421 in
859 2337 958 2422 omni
988 2374 1087 2448 paene
1114 2352 1196 2425 loeo

133 2468 236 2539 saciat
259 2467 390 2538 exoriri
413 2494 420 2536 :
450 2492 547 2564 quae,
571 2466 634 2540 ubi
659 2495 703 2541 eo
729 2466 807 2541 solo
821 2467 933 2540 verbo
954 2468 1053 2568 lapso
1070 2494 1112 2540 ex
1133 2494 1195 2542 ore

134 2587 241 2659 semel
258 2585 393 2658 obortae
410 2600 444 2657 et
461 2586 604 2659 initiatae
618 2601 714 2676 sunt,
738 2586 877 2660 tamdiu
898 2586 1089 2680 litigatores
1117 2611 1197 2685 per·
1290 2650 1294 2653 ,

132 2703 255 2800 plexos
269 2703 432 2773 irretiunt
445 2716 485 2772 ut
501 2703 599 2774 nulla
608 2703 859 2793 transactione,
871 2701 970 2772 nulla
983 2701 1191 2798 concordia,

131 2818 266 2917 absque
280 2820 413 2891 mulcta
428 2844 490 2890 seu
504 2817 669 2906 emenda,
688 2843 725 2890 se
735 2817 871 2917 possint
883 2815 929 2889 ab
946 2817 996 2889 eis
1012 2819 1189 2916 expedire.

180 2937 320 3007 Diutius
347 2935 468 3007 forsan
494 2935 531 3005 in
561 2936 731 3034 exemplis
758 2933 966 3030 adjiciendis
992 2933 1037 3005 de
1062 2935 1193 3032 iniquis

133 3053 255 3151 patriis
285 3068 413 3124 nostrae
430 3053 658 3124 Normanniae
676 3051 995 3124 consuetudinibus
1013 3052 1192 3126 immorati

133 3194 272 3263 sumus,
292 3193 400 3267 quam
417 3169 519 3241 initio
541 3167 655 3240 lacere
675 3168 956 3240 instinrissemus.
982 3172 1054 3241 Nec
1070 3182 1191 3241 tamen

133 3287 256 3359 adeas
283 3284 540 3385 improbandas
563 3285 644 3382 jura
670 3284 820 3380 allegare
844 3299 881 3356 et
907 3285 1082 3378 rationes,
1112 3311 1192 3384 quae

130 3405 275 3501 copiose
287 3419 323 3474 et
338 3403 440 3479 facile
455 3401 503 3475 ad
527 3401 598 3473 hoc
617 3399 739 3471 induci
756 3412 914 3499 possent,
928 3399 1189 3496 laboravimtrs3

131 3518 193 3588 sed
218 3515 492 3608 tantummodo,
518 3512 804 3614 exemplificandi
826 3515 961 3612 gratia,
977 3539 1079 3593 cents
1100 3542 1190 3619 prae·

131 3639 245 3710 dictos
259 3661 394 3736 paucos
409 3662 451 3708 ex
471 3636 591 3708 multis
603 3650 639 3708 et
653 3659 753 3734 paene
774 3635 971 3711 innumeris
988 3636 1191 3733 retulimus,

171 3868 200 3923 l.
216 3862 317 3924 C’etait
331 3863 359 3921 la
369 3881 409 3921 un
423 3860 495 3920 abus
511 3861 547 3920 de
561 3861 626 3920 date
640 3861 770 3934 recente,
786 3880 836 3921 car
850 3846 1002 3941 d'apresln
1015 3860 1114 3923 vieille
1124 3882 1193 3923 con·

130 3971 208 4018 tnme
222 3958 260 4018 de
272 3956 447 4017 Normandie
464 3978 470 4012 :
488 3981 500 4009 α
517 3961 577 4016 Nus
591 3976 628 4015 ne
641 3956 703 4014 doit
710 3957 786 4015 cricr
798 3957 886 4013 taren
898 3957 956 4014 sors
969 3975 1021 4034 par
1033 3968 1100 4035 trop
1109 3970 1194 4036 grant

128 4054 268 4134 besoing.
283 4053 306 4112 si
320 4072 433 4114 comme
449 4073 503 4133 par
517 4052 581 4124 seu,
604 4070 657 4131 par
676 4052 787 4111 larrons
804 4063 833 4109 et
852 4069 906 4130 par
924 4049 1097 4122 homicides,
1119 4071 1194 4130 pour

130 4147 277 4222 roberies‚
295 4159 350 4205 etc,
370 4149 429 4204 llos
447 4147 611 4225 quiconque
628 4145 688 4205 crie
702 4147 791 4202 liareu
808 4163 874 4203 sans
892 4142 965 4222 peril
982 4156 1063 4222 apert
1083 4155 1112 4202 et
1134 4162 1194 4202 ma·

129 4244 248 4318 nileste,
262 4243 281 4301 il
295 4243 321 4301 le
335 4240 395 4301 doit
408 4242 547 4302 emender
560 4260 598 4300 au
611 4241 722 4321 prince.
740 4267 755 4294 u
772 4244 819 4300 Du
832 4242 945 4320 Gange,
961 4237 981 4298 l.
997 4260 1023 4297 c.

249 4362 285 4401 tu
993 4337 1032 4396 25
