2946 5070
589 469 698 525 LIBER
724 468 872 529 rmutts.
1202 470 1260 529 tta

146 665 154 671 .
201 628 294 707 opus
312 601 412 699 quod
434 615 487 673 tot
515 615 550 672 et
572 615 645 673 tam
666 599 860 696 grandibus
883 624 1033 695 regnum
1054 625 1158 672 suum
1173 627 1262 702 pen·

200 714 362 790 sionibus
376 729 628 813 praegravaret,
647 736 714 812 pro
730 713 862 810 quibus
876 714 1098 790 exsolvendis
1116 730 1169 788 tot
1184 731 1263 789 tan·

201 834 316 930 tisque
339 850 499 930 pressum
526 831 755 927 vectigalibus
783 847 818 904 et
848 832 1022 926 collectis,
1053 858 1131 931 quae
1159 834 1264 907 simul

200 975 285 1022 cum
310 949 434 1021 militia
450 974 514 1047 per
531 963 584 1021 tot
601 972 715 1021 annos
731 973 881 1044 regnum
909 951 1025 1047 ipsum
1045 965 1081 1022 et
1105 950 1265 1049 ejusdem

201 1065 332 1138 accolae
353 1065 564 1158 tolerarent,
581 1064 634 1136 ad
654 1079 849 1137 extremam
873 1091 974 1164 paene
1002 1067 1210 1166 pauperiem
1231 1081 1267 1139 et

200 1183 436 1255 inanitionem
450 1183 682 1256 devenerant.
701 1183 809 1256 Aliter
827 1185 924 1255 enirn
940 1184 1107 1281 possibile
1125 1209 1201 1257 non
1218 1185 1267 1258 sa·

200 1297 267 1368 cile
281 1298 449 1394 cuiquam
462 1321 590 1369 sanum
606 1298 756 1398 sapienti
772 1297 886 1370 videri
904 1313 1060 1397 poterat,
1080 1299 1266 1396 quomodo

200 1438 352 1509 regnum
379 1427 486 1510 atque
513 1413 644 1485 accolae
673 1414 749 1511 ejus
776 1415 812 1486 in
843 1415 996 1517 prisgam
1025 1416 1247 1513 opulentiam
1255 1450 1271 1509 ,·

200 1529 449 1601 libertatem-et
461 1529 612 1624 gloriam
628 1530 817 1604 instaurari
832 1544 998 1629 possent,
1018 1533 1133 1615 causis
1148 1532 1269 1628 hujus·

200 1646 301 1718 modi
317 1649 494 1720 malorum
509 1648 615 1720 simul
629 1647 931 1747 percurrentibus,
948 1674 991 1721 ex
1008 1674 1164 1746 quorum
1175 1676 1270 1749 pres-

200 1788 283 1835 sura
314 1779 350 1836 et
378 1767 557 1837 attritione
585 1764 632 1838 ad
662 1780 735 1837 tam
761 1763 999 1838 miserabilem
1029 1765 1269 1839 calamitatem

200 1879 321 1952 suisset
352 1880 574 1955 devolutum.
613 1880 826 1976 Hujusmodi
862 1904 949 1952 vero
984 1881 1098 1952 causis
1113 1962 1116 1967 ,
1134 1863 1192 1953 vel·
1226 1908 1269 1956 ex

200 2011 301 2094 parte
313 1997 479 2088 sublatis,
498 2024 560 2071 seu
577 1986 834 2072 rationabiliter
849 1999 1064 2096 temperatis,
1079 1998 1268 2072 observato

200 2112 324 2186 debito
347 2115 488 2212 justitiae
522 2117 641 2208 cultu,
676 2140 752 2187 non
781 2112 933 2185 dubium
960 2113 1034 2186 sore
1061 2112 1269 2189 dicebamus

200 2230 312 2325 quin,
336 2228 427 2303 inira
440 2230 586 2304 brevem
608 2244 768 2321 aetatem,
787 2231 886 2326 regio
898 2244 993 2322 tota,
1014 2254 1093 2325 quae
1111 2245 1147 2302 et
1163 2228 1269 2306 uber.-

202 2357 272 2416 tate
290 2343 399 2441 glebae
416 2359 453 2417 et
473 2346 565 2418 aeris
581 2359 688 2442 atque
711 2344 790 2417 coeli
807 2342 1011 2417 salubritate
1030 2344 1177 2438 insignis
1192 2360 1246 2417 est
1255 2387 1271 2437 ,ι

201 2458 244 2530 in'
251 2484 418 2556 magnam
432 2460 673 2560 populorum,
688 2483 801 2561 opum
822 2473 860 2531 et
877 2458 995 2530 omnis
1019 2458 1157 2554 generis
1175 2457 1267 2531 divi·

202 2574 332 2646 tiarum
353 2590 460 2672 atque
478 2575 659 2665 bonorum
674 2573 934 2647 abundantiam
951 2573 1176 2644 coalesceret.
1229 2664 1233 2672 α

252 2694 323 2762 Nec
335 2704 478 2779 tamen,
498 2689 805 2788 quemadmodum
822 2687 1027 2779 aiebamus,
1047 2686 1139 2759 adeo
1156 2702 1268 2760 teme·

203 2805 286 2878 rarii
301 2805 412 2877 videri
437 2805 646 2878 volebamus
668 2819 708 2878 ut
728 2805 860 2877 militiae
884 2801 1036 2874 modum
1053 2826 1116 2873 seu
1138 2827 1267 2874 nurne-

202 2948 306 3012 rum,
331 2921 376 2996 ad
402 2921 578 3020 stipendia
593 2945 660 3020 pro
680 2920 790 2993 tutela
808 2934 915 3017 atque
938 2916 1146 2991 defensione
1166 2919 1266 3014 regni
1286 2906 1293 2920 ⁶

202 3037 408 3127 retinenda,
432 3054 556 3113 nostro
580 3062 686 3109 sensu
703 3035 952 3109 diffiniendum
971 3035 1194 3107 duceremus.
1223 3035 1266 3108 Id

201 3154 299 3226 enim
324 3179 464 3251 regem,
489 3152 615 3227 habito
643 3177 750 3252 super
776 3151 846 3224 hac
866 3176 904 3223 re
924 3165 1066 3223 maturo
1088 3175 1171 3222 cum
1194 3152 1267 3223 suis

200 3269 411 3369 proceribus
427 3284 463 3342 et
476 3270 560 3341 viris
575 3267 794 3367 sapientibus
812 3266 982 3357 consili0,
999 3263 1130 3337 debere
1149 3265 1265 3339 lacere

202 3400 310 3484 atque
336 3386 513 3459 moderari
537 3377 766 3474 dicebamus,
788 3383 1004 3479 minimeque
1025 3396 1112 3452 tunc
1133 3406 1263 3478 regno,

203 3501 254 3575 ita
270 3512 398 3602 pacato
413 3520 449 3595 et
465 3505 639 3599 integrato
658 3517 698 3576 ut
713 3502 760 3575 ab
780 3498 947 3573 omnibus
969 3499 1078 3571 serme
1102 3523 1177 3571 esse
1203 3500 1265 3572 de*

203 3617 290 3692 bere
305 3620 555 3708 aestimabatur,
576 3635 715 3693 tanturn
734 3618 865 3690 militie
883 3641 1091 3708 numerum,
1111 3632 1164 3689 tot
1177 3643 1266 3715 pen·

202 3739 348 3813 sionum
372 3751 533 3835 sumptus
555 3735 818 3840 continuandos
834 3759 926 3828 esse,
958 3734 1082 3832 quanti
1106 3746 1211 3824 antea
1228 3735 1265 3804 in

202 3876 332 3949 regno,
367 3850 589 3924 sevientibus
616 3851 779 3924 maximis
806 3873 1013 3946 guerrarum
1040 3847 1263 3943 turbinibus,

202 3992 364 4066 unquam
382 3968 604 4040 exstitissent

219 4086 358 4157 -Hae‘c
348 4111 386 4157 m
402 4084 524 4158 libello
542 4080 721 4157 antedicto
747 4108 868 4185 regem
891 4097 930 4154 ut
953 4080 1083 4153 faceret
1096 4078 1267 4154 hortaba-

205 4182 309 4292 mur,
338 4202 433 4297 hoc,
461 4202 514 4275 uti
529 4201 725 4294 credimus,
751 4199 952 4273 fidelissime
974 4171 1262 4269 consulebamus.

286 4339 322 4378 ru
1068 4314 1106 4372 Π
