2946 5070
495 481 606 543 mutu
633 486 784 546 SEXTUS.
1133 486 1164 542 ³1

107 611 275 687 eamdem
290 613 474 687 eodesiam
493 616 565 686 suis
583 600 755 689 thesauris
770 630 804 687 et
823 611 1000 712 jocalibus
1016 613 1170 710 antiquis

108 731 245 826 majore
264 754 308 802 ex
324 745 424 829 pane
444 732 652 830 spoliasset:
676 731 789 828 quod,
814 756 836 803 a
856 731 916 804 tali
940 731 1110 802 scelerato
1127 753 1170 802 ac

108 849 229 945 rapaci
245 849 408 921 ministro
426 863 604 948 patratum
630 849 768 940 forsan,
786 847 823 917 in
844 870 964 943 regam
992 848 1169 919 insontem

107 960 411 1057 atqueinnoxium
423 962 634 1058 intorquere
647 960 923 1057 lamapotuerat.

156 1080 233 1148 Hac
258 1077 378 1172 itaque
400 1077 541 1150 civitate
553 1091 657 1148 utens
685 1101 746 1148 rex
761 1100 828 1173 pro
846 1074 962 1167 libito,
981 1090 1017 1147 et
1036 1078 1168 1148 ineam

107 1192 290 1265 advocans
316 1215 482 1289 magnam
498 1207 635 1291 partem
649 1216 793 1264 suarum
811 1193 1013 1290 copiarum,
1027 1197 1171 1265 Hanno·

108 1308 176 1378 niae
187 1330 292 1402 agros
312 1308 414 1403 igne,
435 1307 526 1379 ferro
545 1322 651 1405 atque
661 1308 795 1405 rapinis
811 1308 977 1405 populari
989 1331 1172 1403 aggressus

106 1431 183 1515 est,
201 1424 288 1496 etin
305 1447 348 1496 ea
361 1423 479 1521 plures
495 1425 595 1496 villas
611 1424 764 1521 optimas
775 1423 942 1495 incendio
959 1425 1117 1496 vastavit.

471 1716 727 1787 clarautuu
753 1693 833 1785 rx(

145 1904 183 1956 De
195 1892 392 1973 expugnatione
403 1899 499 1973 oppidi
513 1907 635 1967 Avernas,
650 1899 725 1954 ducis
739 1900 855 1954 Geldrin
867 1900 953 1967 eade,
966 1915 992 1955 et
1005 1903 1134 1957 exercitus

238 2040 258 2079 ι
330 1985 528 2058 Fhmingnrum
542 1985 728 2058 profligatione
738 1999 764 2040 et
775 1984 950 2058 dispersione.

156 2175 279 2243 Castra
295 2169 400 2240 etiam
413 2184 538 2241 contra
549 2166 723 2266 oppidum
736 2168 890 2239 Avennis
898 2169 1034 2275 posuit,
1050 2168 1086 2238 in
1097 2193 1170 2266 quo

105 2312 150 2360 ex
165 2283 354 2359 Brabantia
371 2297 407 2355 et
419 2283 609 2356 Hannonia
624 2281 825 2380 prasidium
843 2281 994 2353 militum
1014 2282 1170 2357 locatum

107 2399 297 2469 exstiterat.
317 2396 388 2483 Qul
401 2410 526 2467 contra
536 2399 754 2466 Francorum
772 2395 944 2497 impeturn
962 2410 997 2466 et
1016 2393 1171 2470 obsidio·

108 2533 192 2581 nem
209 2507 384 2606 oppidum
398 2504 533 2578 fortiter
542 2507 679 2603 aliquot
687 2505 815 2579 diebus
828 2508 930 2604 tutati
945 2500 1038 2578 sunt.
1060 2512 1170 2582 Porro

107 2650 192 2697 cum
208 2625 291 2696 totis
302 2621 436 2717 viribus
453 2623 555 2719 regii,
575 2623 637 2720 qui
655 2647 787 2719 magno
804 2637 906 2696 erant
929 2648 1094 2716 numeru,
1112 2624 1170 2697 de-

103 2740 206 2835 jectis
223 2740 381 2841 primurn
398 2738 675 2837 propugnaculis
697 2754 731 2809 et
755 2738 958 2813 tutamentis
981 2739 1167 2834 moenium,

107 2879 312 2954 expugnare
321 2855 521 2927 statuissent
530 2852 704 2951 oppidum
715 2909 725 2942 ,
736 2853 966 2927 licetstrenue
973 2854 1056 2926 satis
1064 2878 1170 2951 agen·

108 2962 205 3037 tibus
224 2967 286 3064 qui
312 2966 383 3037 illic
404 2990 472 3063 pro
489 2964 695 3036 defensione
716 2963 925 3058 adstabant,
950 2963 1095 3037 tandem
1119 2981 1170 3039 ta-

108 3106 191 3153 men
209 3079 256 3155 ab
275 3079 520 3152 obsessoribus
531 3095 771 3179 expugnatum
786 3079 960 3180 oppidum
976 3096 1013 3153 et
1025 3097 1170 3181 captum

107 3195 201 3285 futu,
230 3192 390 3292 laetaque
418 3192 468 3264 ibi
485 3192 598 3264 caedes
622 3193 775 3291 plurima
791 3193 922 3264 civium
945 3208 981 3264 et
995 3193 1167 3289 aliorum,

107 3335 201 3408 quos
211 3310 331 3409 primo
343 3310 478 3409 impetu
494 3300 647 3381 victores
664 3308 790 3381 Franci
807 3307 934 3381 obvios
950 3308 1166 3383 babuerunt.

107 3429 210 3526 Capti
228 3427 371 3500 bierunt
383 3427 454 3499 illic
471 3426 640 3501 dominus
648 3425 693 3498 de
704 3423 942 3497 Culenburclt¹
953 3441 988 3498 et
1003 3426 1171 3501 dominus

108 3543 154 3615 de
172 3546 343 3634 Pernen,
367 3567 450 3615 curn
467 3540 649 3613 nonnullis
672 3541 748 3614 aliis
774 3536 972 3631 nobilibus,
999 3542 1061 3639 qui
1081 3541 1170 3614 inibi

108 3659 155 3733 ad
170 3658 361 3731 tutandum
375 3656 548 3757 oppidum
564 3656 700 3728 fuerant
717 3655 881 3727 collocati
890 3659 912 3724 ⁶.

151 3853 178 3907 t.
204 3850 242 3905 ta
255 3847 321 3921 juin
335 3849 424 3906 tata.

149 3946 180 4002 2·
201 3939 349 4019 Gaspard,
363 3939 495 4017 seigneru
508 3937 544 3997 de
557 3935 750 4021 Culeubourg.

149 4039 178 4094 3.
201 4036 300 4094 Penni
306 4028 650 4093 danslems.C'estHenri
658 4027 694 4086 de
704 4029 1166 4108 Homes‚seigneurdePeruwels.

33 4166 36 4173 ·
150 4134 178 4187 l.
201 4133 257 4187 Iaes
272 4127 373 4186 nobles
392 4146 424 4185 se
443 4126 580 4184 linerent
599 4123 707 4202 malgre‘
728 4123 937 4195 lacomrnuna,
954 4124 1004 4201 qui
1020 4124 1168 4195 mmbatdt

109 4219 222 4301 jusqu'a
235 4222 262 4279 la
275 4220 407 4279 demidre
421 4216 581 4278 exuamits.
598 4216 726 4286 Molinet‚
742 4229 762 4273 t.
778 4220 822 4287 11,
837 4216 885 4276 ch.
902 4237 972 4277 xus.
