2946 5070
329 481 366 538 tt
604 480 860 541 msmmtlwtt
880 485 1056 545 tuoovtcr
1077 485 1121 544 XI

329 639 395 685 nec
411 611 659 708 hujuscemodi
677 615 876 708 Germaniae
903 615 1028 714 populi
1048 612 1093 685 de
1115 613 1248 687 talibus
1267 617 1388 715 prodi·

328 729 487 802 tionibus
508 731 643 821 notari,
671 730 734 801 sed
756 732 875 827 potius
899 731 943 803 de
962 729 1129 803 fidelitate
1151 754 1194 803 ac
1217 730 1391 829 legalitate

329 843 575 918 commendari
593 851 885 917 consueverunt¹.

375 961 450 1033 Tali
464 984 549 1032 vero
574 959 697 1058 oppidi
715 960 878 1032 Dolensis
901 960 1116 1054 infortunio,
1135 961 1236 1058 quod
1259 965 1393 1035 eaeteris

330 1079 451 1177 patriae
474 1075 616 1176 oppidis
642 1091 675 1147 et
698 1076 902 1174 opulentius
925 1091 961 1148 et
985 1078 1156 1148 munitius
1178 1076 1390 1174 putabatur,

328 1194 492 1265 exterrita
507 1192 576 1264 alia
594 1192 715 1289 patriae
732 1191 866 1290 oppida
894 1206 929 1263 et
955 1193 1097 1265 castella
1122 1192 1232 1265 serme
1249 1195 1405 1287 omnia„

328 1310 446 1381 statim
483 1307 691 1379 melioribus
724 1333 834 1405 quam
870 1322 1063 1406 potuemnt
1100 1310 1256 1407 acceptis
1296 1311 1393 1408 pacis

327 1421 613 1514 conditionibus,
631 1422 851 1495 deditionem
864 1421 1023 1494 lecerunt
1040 1438 1077 1494 et
1092 1422 1159 1494 sub
1174 1423 1313 1518 regiam
1331 1449 1393 1523 pn·

330 1555 510 1632 testatem,
534 1540 635 1611 inviti
656 1539 739 1610 licet
760 1553 798 1610 et
818 1537 922 1611 valde
946 1537 1228 1637 repugnantibus
1244 1541 1390 1634 animis,

329 1655 563 1728 devenerunt.

375 1777 558 1846 Cumvero
568 1773 815 1870 conspicerent
825 1773 1015 1862 Suitenses,
1027 1773 1392 1874 conquisitaBurguu·

327 1891 405 1983 dia,
416 1905 489 1963 tam
505 1889 743 1988 epropinquo
755 1888 823 1960 sibi
837 1889 993 1960 vicinum
1011 1912 1148 1986 regem,
1164 1888 1267 1986 cujus
1284 1889 1392 1964 fidem

327 2022 362 2079 et
379 2007 549 2103 justitiam
571 2005 654 2077 satis
678 2029 699 2075 a
721 2004 835 2075 multo
854 2020 1013 2103 tempore
1035 2005 1236 2102 exploratas
1258 2004 1392 2079 habere

329 2140 543 2223 potuerant,
563 2123 720 2195 edictum
740 2123 967 2220 proposuisse
989 2122 1176 2215 dicuntur,
1204 2136 1244 2194 ut
1267 2149 1392 2198 omnes

327 2241 389 2335 qui
408 2240 453 2311 de
470 2240 541 2312 suis
557 2264 599 2311 ac
620 2237 687 2309 sibi
704 2237 956 2310 foederatorum
967 2238 1069 2309 terris
1087 2239 1161 2335 regi
1174 2238 1389 2332 militabant,

328 2355 375 2426 ad
398 2380 498 2427 suam
518 2356 690 2452 patriam,
715 2353 805 2425 infra
825 2352 1010 2451 praefixum
1026 2355 1076 2427 eis
1099 2353 1212 2446 diem,
1239 2380 1316 2428 sese
1339 2382 1391 2429 re·

328 2471 528 2558 traherent3
548 2469 729 2566 alioquin,
750 2468 845 2541 velut
862 2468 999 2540 banniti
1015 2485 1050 2540 et
1066 2470 1202 2543 exsules
1218 2487 1391 2570 perpetuo

328 2587 557 2660 haberentur.
579 2590 661 2673 Quo
684 2598 830 2683 accepto
853 2587 1001 2676 nuntio,
1021 2587 1129 2683 petita
1147 2611 1168 2658 a
1186 2588 1392 2682 regelicen·

328 2708 377 2778 tia
399 2706 445 2778 ad
473 2705 617 2803 propria
640 2702 834 2791 redeundi,
863 2702 1038 2775 satisfacto
1061 2705 1112 2775 eis
1142 2703 1187 2776 de
1215 2706 1391 2803 promisso

328 2821 546 2922 stipendio¹‚
575 2821 621 2892 ad
651 2845 715 2892 sua
743 2822 925 2892 revertisse
951 2820 1130 2891 dicuutur.
1163 2825 1242 2893 Non
1272 2837 1392 2899 tamen

330 2939 516 3012 verisimile
539 2952 706 3035 putamus
725 2937 812 3033 quin
838 2935 956 3033 plures
974 2936 1093 3010 adhuc
1118 2937 1302 3009 militaturi
1320 2938 1391 3039 regi

329 3055 580 3143 remanserint,
602 3051 817 3150 stipendium
842 3052 940 3147 quod
966 3077 987 3124 a
1007 3078 1088 3148 rege
1111 3053 1313 3151 accipiunt,
1337 3053 1393 3129 bis

330 3166 457 3257 bonis,
484 3190 562 3261 quae
583 3165 679 3262 apud
700 3188 784 3236 suos
807 3163 963 3236 habituri
993 3180 1128 3258 essent,
1152 3165 1389 3264 praeferentes.

331 3287 421 3354 Sunt
441 3283 539 3352 enim
565 3281 699 3377 majore
717 3306 760 3351 ex
780 3296 881 3378 parte
903 3283 939 3351 in
965 3282 1118 3379 propriis
1136 3281 1282 3354 sedibus
1303 3307 1391 3384 pau·
1446 3348 1449 3353 .

333 3424 434 3497 peres
446 3414 482 3469 et
495 3403 633 3494 inopes,
651 3413 774 3495 utpote
787 3398 849 3493 qui
868 3398 1010 3495 Alpium
1028 3396 1152 3492 frigida
1168 3396 1271 3492 loca,
1287 3413 1394 3500 atque
1446 3410 1449 3419 '

328 3516 415 3612 juga
432 3516 531 3587 arida
548 3515 747 3612 steriliaque
764 3514 938 3586 incolunt.

383 3628 563 3699 Bisuntio³
594 3651 699 3718 vero,
738 3626 884 3722 antiqua
922 3641 957 3697 et
975 3676 976 3679 ,
992 3624 1094 3698 firma
1128 3627 1271 3720 civitas,
1310 3652 1392 3701 cum

334 3744 467 3816 videret
484 3769 606 3816 casum
622 3744 729 3815 totius
742 3741 935 3838 adjacentis
950 3744 1158 3841 provinciae,
1175 3767 1242 3815 nec
1258 3743 1408 3819 viribm‘

374 3964 402 4017 l.
427 3959 525 4019 Gollut
544 3957 640 4016 donne
655 3958 681 4015 le
694 3958 745 4015 tait
765 3978 839 4035 pour
853 3957 973 4031 certain,
991 3962 1144 4018 Me'molres
1157 3962 1194 4016 de
1209 3964 1238 4015 Ια
1251 3960 1392 4018 Francke-

334 4058 445 4124 Comte'‚
460 4053 480 4110 l.
495 4057 539 4120 11,
556 4051 602 4109 eh.
619 4071 698 4110 mx.

374 4149 403 4203 2.
427 4146 450 4203 ll
464 4166 483 4221 y
496 4165 513 4202 a
527 4145 598 4203 daus
611 4145 638 4202 le
652 4145 807 4204 manuscrit
820 4148 856 4201 de
869 4152 1007 4222 promisso
1020 4149 1057 4203 de
1072 4150 1225 4224 promerito
1240 4151 1389 4226 stipendio.

375 4243 403 4302 ³.
427 4245 586 4299 Bituntimn
604 4239 675 4298 dans
688 4239 715 4298 le
728 4258 782 4300 ms.
