2946 5070
610 520 717 581 ursan
737 508 888 583 narnus.
1216 528 1273 584 aas

212 654 465 726 imminentem
490 654 775 752 petsectttionem
806 656 1038 754 corporaliter
1066 657 1273 755 parochiam

212 767 393 863 deserere,
419 783 455 840 et
476 769 524 841 ad
547 767 657 841 alium
680 777 845 842 securum
871 770 993 843 locum
1019 794 1057 844 se
1082 772 1270 846 conferre:

211 913 418 987 quanquam
440 889 530 961 nihil
556 888 789 963 dubitationis
812 888 948 964 ‘habeat
972 892 1061 991 quin
1083 892 1156 966 boc
1176 894 1273 968 licite

211 1006 343 1104 possit,
372 1005 437 1080 ubi
461 1007 559 1079 solus
583 1021 705 1106 pastor
731 1008 997 1106 persequendus
1023 1011 1191 1106 quaeritur
1217 1014 1274 1105 vel

211 1122 457 1195 verisimiliter*
472 1124 708 1222 praesnmitur,
738 1138 773 1196 et
800 1148 864 1222 per
888 1126 978 1197 alios
1003 1124 1135 1199 idonee
1160 1130 1274 1226 gregis

210 1237 383 1312 dominici
401 1239 504 1312 saluti
519 1239 728 1339 providetur
740 1254 776 1312 et
791 1240 999 1313 consulitur.

525 1547 783 1618 CAPlTULUM
821 1548 944 1618 XXVl.
990 1598 998 1621 1

266 1728 386 1829 Qualiter
398 1759 425 1813 vi
436 1757 545 1832 precisa
556 1755 667 1813 ecclesia
678 1769 705 1811 et
715 1756 800 1830 putria
811 1757 907 1830 procul
918 1759 1008 1847 abesse
1019 1758 1108 1813 coacti
1115 1777 1215 1815 sumus.

257 1954 403 2027 Notoria
418 1951 564 2049 quidem
582 1950 647 2022 suit
662 1964 698 2023 et
713 1962 765 2022 est
777 1960 1020 2048 'tyrannorum
1037 1955 1235 2051 oppressi0,
1252 1980 1273 2028 a

206 2070 337 2169 quibus
354 2069 538 2169 provincia
550 2064 827 2139 lamentabiliter
836 2080 872 2139 et
887 2092 987 2166 paene
1005 2069 1273 2143 intolerabiliter

206 2186 373 2284 affligitur
393 2199 429 2258 et
451 2185 638 2273 laceratur,
665 2196 791 2255 contra
816 2206 925 2280 quarn
950 2207 972 2256 a
994 2185 1116 2257 multis
1143 2201 1273 2260 morta·

205 2304 313 2395 lium,
346 2317 381 2375 et
407 2302 450 2373 iis
471 2301 666 2399 plurimum
690 2300 752 2396 qui
777 2300 989 2373 oculatiores
1017 2317 1128 2400 atque¹
1151 2304 1187 2375 i'u
1214 2302 1272 2379 bis

205 2419 312 2492 rebus
335 2419 503 2505 humanis
520 2413 785 2488 aestimabantur
809 2415 1078 2513 prudentiores,
1097 2402 1199 2516 quasi
1214 2406 1271 2493 'di-

205 2536 336 2608 vinitus
352 2535 468 2608 aditus
484 2531 723 2607 arbitrabatur
736 2546 771 2603 et
793 2531 1005 2605 credebatur
1021 2549 1176 2633 apertus,
1196 2550 1270 2610 tam

205 2652 353 2725 immani
375 2666 411 2723 et
433 2650 646 2724 calamitosae
673 2649 896 2747 oppressioni
918 2674 983 2747 per
1006 2651 1167 2722 medium
1193 2678 1271 2749 ger-

205 2773 303 2843 mani
319 2771 410 2865 regis
428 2769 501 2866 (cui
527 2771 623 2839 Deus
638 2789 713 2837 esse
729 2764 904 2864 propitius
923 2764 1110 2863 dignetur)
1125 2784 1160 2840 et
1175 2769 1271 2844 illus·

204 2888 312 2960 trium
335 2885 539 2986 principum
565 2882 674 2953 totius
698 2880 796 2975 regni
829 2904 934 2979 posse
959 2880 1110 2976 mederi,
1142 2899 1177 2956 et
1202 2911 1268 2988 op-

203 3005 331 3104 pressis
361 2999 554 3074 subveniri.
590 3001 670 3084 Qua
701 3007 763 3094 spe
792 2994 871 3067 lreti
896 3009 933 3066 et
964 2997 998 3067 ei
1027 2997 1161 3091 innixi,
1191 3003 1268 3076 zelo

203 3108 377 3209 caritatis,
395 3140 503 3216 quarn
523 3127 604 3212 post
622 3116 737 3183 Deum
759 3110 805 3183 ad
822 3112 973 3209 patriam
995 3115 1186 3190 maximam
1202 3119 1267 3193 ha-

200 3235 340 3326 bemus,
356 3232 523 3334 permoti,
542 3243 581 3301 ut
599 3227 735 3299 miseris
749 3227 794 3298 de
810 3227 941 3299 auxilio
958 3244 1164 3327 opportuno
1182 3237 1265 3311 sub-

201 3357 396 3447 veniretur,
415 3377 489 3425 non
513 3346 755 3422 dubitavimus
771 3370 813 3417 ex
830 3344 979 3420 adverso
997 3372 1079 3419 cum
1097 3351 1155 3447 iis,
1174 3380 1265 3454 quos
1290 3341 1294 3348 ⁵

201 3473 307 3547 simili
324 3472 450 3546 ductos
466 3470 610 3543 caritate
635 3460 910 3557 arbitrabamur,
935 3468 1126 3542 ascendere
1146 3490 1181 3546 et
1197 3501 1264 3551 nos

202 3616 345 3663 murum
370 3586 585 3660 detensionis
602 3598 786 3682 opponere
801 3604 869 3679 pro
890 3580 1000 3656 domo
1018 3588 1134 3660 lsrael.
1155 3592 1262 3680 Quod

200 3723 295 3779 certe
317 3731 392 3778 non
420 3703 495 3774 sine
518 3724 649 3796 magno
670 3680 794 3797 capitis
819 3696 1020 3773 discrimine
1046 3703 1259 3799 agebamus;

199 3824 283 3916 sed,
302 3838 342 3896 ut
358 3836 458 3895 vetus
474 3819 633 3891 comicus
657 3817 706 3889 ait
723 3842 731 3886 ε

267 3989 341 4054 Non
355 3984 391 4053 fit
403 3986 470 4052 sine
487 3980 606 4074 periclo
621 3979 742 4045 facinus
753 4001 905 4069 magnum
916 3995 948 4045 et
962 3982 1181 4050 memorabile.

201 4161 242 4227 In
269 4178 342 4250 quo
374 4147 545 4223 obeundo
579 4144 657 4217 vitae
688 4140 845 4241 periculo
876 4168 943 4241 pro
967 4144 1080 4242 patria
1111 4148 1260 4222 etrele.

200 4284 369 4346 ramento
387 4268 598 4338 miserorum
621 4284 643 4333 a
669 4260 775 4332 tantis
802 4259 1261 4359 oppressionibus‚'caritas
