2946 5070
569 449 680 534 mern
700 476 891 534 surtinus.
1208 479 1264 535 rua

201 610 364 702 droeclr¹,
382 624 417 680 et
434 609 511 681 aliis
527 607 781 706 pluribusque*
803 606 903 677 locis.
927 603 979 676 td
1002 624 1081 701 quae
1102 606 1183 679 loca
1203 633 1266 680 ac-

199 725 380 799 cedebant
396 724 502 821 legati
527 723 804 818 Trajeetensium
829 736 1066 817 tyrannorum
1096 746 1178 793 curn
1201 723 1265 796 de⁴

200 842 332 940 putatis
365 864 463 912 nunc
494 836 694 938 pontilicis,
730 837 962 909 nuncetiam
991 836 1182 936 principis,
1209 839 1266 911 vel

199 971 301 1028 terrae
324 972 360 1029 et
378 957 500 1055 patriae
525 979 597 1028 suae
618 953 829 1029 Hollandirr.
858 957 903 1026 Et
924 952 1133 1025 deludentes
1152 978 1269 1054 popu-

201 1074 276 1146 lum
306 1076 566 1171 Trajectensem
596 1069 813 1144 simulabant
841 1071 985 1166 tyranni
1012 1095 1050 1141 se
1083 1096 1150 1168 pro
1176 1097 1265 1170 pace

200 1213 325 1286 agere,
341 1203 378 1261 et
389 1213 471 1262 eam
486 1202 563 1262 toto
579 1203 713 1261 conatu
723 1188 947 1286 perquirere;
967 1186 1030 1258 sed
1044 1188 1131 1283 quid
1144 1189 1267 1261 animo

201 1320 381 1402 gestarent
408 1319 446 1376 et
472 1319 611 1398 mente,
645 1305 771 1402 saepius
802 1328 911 1403 opere
944 1302 1164 1377 indicabant.
1197 1308 1267 1392 Qui

200 1422 311 1494 ferme
330 1429 488 1520 semper,
508 1447 592 1494 cum
618 1422 753 1518 legatos
770 1445 855 1493 suos
871 1420 918 1493 ad
937 1421 1050 1493 dietas
1071 1423 1170 1520 pacis
1190 1424 1268 1496 mit·

202 1554 335 1632 terent,
355 1563 429 1610 una
449 1537 640 1611 mittebant
661 1537 826 1609 rutheros
849 1561 933 1610 suos
953 1537 1000 1610 ad
1021 1539 1188 1612 incendia
1210 1542 1267 1612 vel

201 1654 339 1753 praedas
356 1654 535 1727 faciendas
557 1654 614 1725 vel
630 1653 667 1725 in
685 1652 893 1743 Hollandia,
912 1653 968 1725 vel
997 1655 1074 1728 aliis‘
1098 1655 1187 1728 locis
1205 1657 1268 1728 'vi-

201 1771 327 1843 einis⁸.
1006 1836 1009 1843 .

253 1888 491 1961 Redemerant
516 1911 554 1959 se
579 1910 602 1958 a
624 1887 765 1960 civitate
789 1886 966 1985 pleraeque
989 1888 1080 1960 villae
1107 1890 1264 1984 magnis,

201 2029 292 2104 quas
308 2005 550 2096 exsolverant,
564 2004 799 2100 pecuniarum
813 2005 978 2097 summis,
999 2029 1045 2076 ne
1063 2005 1119 2076 vel
1137 2005 1174 2077 in
1190 2030 1269 2103 per-
1393 2060 1397 2069 .

201 2121 301 2192 souis
312 2176 328 2214 ,⁵
339 2109 396 2191 vel
412 2121 450 2191 in
466 2117 604 2190 aedibus
622 2119 743 2191 aliisve
761 2117 869 2191 rebus
890 2118 1024 2192 damna
1042 2135 1264 2218 paterentur,

202 2236 265 2308 sed
284 2260 359 2307 non
377 2260 421 2308 eo
443 2235 581 2324 minus,
599 2258 683 2306 cum
701 2248 806 2307 antea
825 2234 913 2306 nihil
927 2236 1002 2331 jam
1021 2235 1090 2307 sibi
1108 2251 1268 2339 metuen-

203 2353 292 2425 dum
309 2367 498 2451 putarant,
519 2366 603 2449 post
614 2332 810 2423 adventum
826 2351 921 2427 illius
937 2351 1118 2424 domicelli
1135 2353 1181 2425 de
1197 2354 1266 2424 Cli-

204 2471 257 2542 vis
272 2473 299 2561 ⁸,
323 2484 496 2565 tanquam
522 2469 609 2540 novi
634 2467 773 2540 domini
800 2493 909 2562 quem
947 2470 1063 2541 aliena
1092 2472 1267 2567 promissa

204 2611 280 2659 non
297 2587 469 2682 ligarent,
496 2586 619 2657 omnia
635 2584 860 2683 compactata
882 2585 1028 2657 rescissa
1054 2600 1158 2674 sunt;
1186 2585 1266 2658 fuit·

203 2727 274 2800 que
300 2703 352 2773 eis
370 2725 513 2775 necesse
529 2701 586 2772 vel
604 2725 641 2772 se
663 2699 784 2772 denuo
803 2700 998 2790 redimere,
1020 2700 1075 2772 vel
1093 2701 1267 2773 incendiis

204 2844 246 2892 ae
263 2818 391 2917 praedae
415 2832 556 2917 patere,
580 2832 642 2888 aut
662 2818 746 2891 loca
765 2841 830 2888 sua
844 2815 1033 2890 deserere:
1056 2816 1156 2913 quod
1174 2842 1267 2889 non·

206 2935 313 3028 nulli,
332 2936 475 3007 incertae
502 2949 539 3007 et
559 2934 673 3030 fragili
691 2933 775 3006 fidei
801 2959 838 3007 se
869 2934 1094 3006 committere
1115 2936 1268 3033 amplius

206 3077 281 3123 non
298 3052 487 3145 audentes,
507 3052 627 3149 potius
641 3052 835 3146 elegerunt.
861 3053 941 3123 Fuit
955 3075 1085 3150 nempe
1105 3051 1267 3147 quaedam

206 3168 289 3240 villa
310 3169 404 3241 circa
419 3167 596 3266 oppidum
613 3169 747 3262 Wycl,
770 3190 867 3263 quae,
885 3167 1060 3264 promissa
1082 3166 1149 3238 sibi
1166 3192 1268 3240 secu·

206 3285 309 3357 ritate
329 3285 438 3357 etiam
454 3284 768 3383 peridomieellum
786 3284 832 3354 de
852 3283 976 3371 divis,
1006 3309 1081 3357 sese
1103 3285 1265 3358 redemit.

206 3399 277 3472 Sed
294 3424 380 3472 cum
398 3400 463 3473 illo
486 3401 562 3498 ipse
580 3424 665 3471 cum
681 3400 754 3472 suis
775 3398 928 3471 rutheris
950 3399 1086 3499 ivisset,
1106 3426 1174 3474 nec
1199 3403 1269 3475 loci

207 3514 360 3604 aceolae,
384 3513 511 3588 conlisi
533 3515 579 3588 de
604 3529 709 3614 pacta
734 3513 986 3604 indemnitate,
1013 3541 1051 3587 se
1076 3517 1270 3591 subtraxis-

207 3647 306 3723 sent,
322 3632 385 3705 sed
399 3631 672 3705 advenientibus
684 3633 792 3704 etiam
807 3631 852 3705 de
870 3632 943 3704 suis
958 3630 1064 3705 bonis
1079 3634 1270 3707 ministras-

248 3858 278 3912 l.
299 3859 340 3912 La
354 3857 452 3931 flaye,
467 3811 669 3923 Bois-le-Due,
688 3849 872 3912 Oeemroecl.
997 3818 1000 3823 -

249 3951 279 4008 2.
301 3952 455 4025 Plerisque
467 3948 538 4006 dans
551 3949 579 4041 ie
592 3969 647 4008 ms,

250 4045 280 4100 3.
303 4045 376 4100 Tout
387 4043 450 4102 cela
463 4053 508 4100 at
521 4041 551 4102 la
563 4042 716 4120 repetition
729 4040 810 4100 dece
823 4058 881 4118 qne
895 4041 1017 4100 lunoni
1029 4040 1097 4101 adit
1110 4042 1174 4123 plus
1187 4044 1269 4117 liant,

233 4179 241 4194 .
258 4138 271 4192 l
299 4139 327 4195 6,

210 4156 230 4215 p
251 4139 359 4288 loLes
372 4231 487 4289 Friaous
501 4231 684 4310 l'appelaient
695 4230 814 4314 lantker
827 4250 879 4288 van
896 4232 982 4290 cleve.
