2946 5070
501 489 613 544 LIBER
644 485 794 546 SEXTUS.
1143 489 1176 546 hl

119 621 295 722 quodque
315 622 399 694 totis
420 618 555 692 viribus
571 617 687 724 aditus
704 641 850 712 omnes,
867 643 931 717 per
947 643 1039 717 quos
1060 619 1183 716 hujus-

119 738 264 815 cemodi
283 737 399 811 vectio
419 752 454 808 et
469 737 636 809 transitus
658 734 734 807 fieri
755 749 918 835 possent,
944 752 1181 831 servarentur,

120 859 171 930 sic
197 852 297 952 quod
322 853 426 953 regiis
444 852 562 925 omnis
582 850 803 926 inhiberetur
826 875 1010 945 accessus,
1034 868 1185 927 conatus

120 987 242 1046 tamen
261 975 269 1011 ¹
287 968 394 1066 hujus
409 967 537 1068 [modi]
552 969 726 1042 ellectum
758 991 833 1039 non
860 967 998 1041 habuit.
1022 970 1186 1044 Collectis

121 1089 220 1161 enim
248 1112 291 1159 ex
322 1086 509 1185 praesidiis,
538 1109 617 1181 quae
647 1086 683 1156 in
701 1084 890 1156 limitaneis
917 1085 1033 1159 locata
1060 1102 1183 1182 erant,

122 1205 327 1304 quingentis
348 1204 404 1274 vel
426 1204 597 1274 sexcentis
610 1202 749 1280 ,lanceis
766 1226 849 1272 cum
869 1204 1006 1302 magnis
1025 1204 1187 1304 peditum

122 1322 258 1418 copiiS,
283 1319 393 1391 duces
408 1344 470 1391 seu
486 1318 660 1417 capitanei
680 1318 766 1415 regii
780 1318 927 1390 minime
950 1319 1104 1393 inhiberi
1122 1347 1187 1420 po-

122 1451 270 1509 tuerunt
286 1434 333 1508 ab
347 1435 403 1506 his
419 1436 481 1532 qui
497 1435 569 1508 hoc
584 1459 659 1507 esse
676 1434 802 1507 facturi
818 1436 1066 1535 sperabantur,
1082 1439 1184 1535 quin,

121 1576 208 1625 cum
232 1576 363 1649 magno
388 1576 540 1623 numero
565 1577 735 1625 curruum
754 1566 790 1624 et
813 1553 1044 1640 motionum,
1074 1578 1188 1626 anno·

121 1694 210 1742 nam
237 1669 329 1763 vini,
355 1669 544 1762 frumenti,
573 1684 850 1764 caeterarumque
877 1693 998 1741 rerum
1027 1695 1189 1744 necessa·

123 1789 258 1860 riarum
289 1791 491 1859 Turnacum
531 1784 758 1879 inveherent,
792 1799 828 1858 et
861 1785 912 1858 eis¹
945 1785 1189 1860 subventionis

124 1917 331 2004 praestarent
355 1903 492 1975 solatia.
532 1901 641 1990 Quod
668 1926 752 1973 cum
779 1901 941 1973 iecissent
968 1903 1187 1997 incolumes,

123 2019 375 2120 postmodum,
397 2018 540 2091 nemine
557 2017 768 2109 obsistente,
789 2015 835 2089 ad
856 2042 920 2090 sua
942 2018 1138 2092 redierunt.

175 2139 219 2207 Et
235 2136 408 2233 quoniam
420 2158 464 2207 ex
477 2135 672 2218 vastatione
685 2149 722 2206 et
734 2133 902 2206 incendio
917 2133 1082 2207 villamm
1097 2127 1191 2209 birca

124 2256 346 2345 Turnacum,
379 2255 597 2324 Francorum
619 2267 654 2323 et
677 2252 955 2323 Tornacensium
982 2253 1091 2325 animi
1116 2278 1191 2326 uon

125 2392 256 2469 parum
272 2366 319 2439 ad
337 2367 511 2439 ultionem
529 2367 739 2465 capiendam
757 2366 900 2438 fuerunt
920 2369 1109 2461 concitati,
1125 2369 1192 2468 ipsi

125 2487 243 2556 vicem
272 2484 394 2580 utique
420 2483 535 2555 multo
554 2482 911 2583 superexcedentem,
937 2484 1132 2557 cremando
1157 2500 1193 2558 et

127 2596 332 2697 diripiendo
361 2597 462 2670 villas
488 2598 766 2696 circumquaque
796 2598 972 2696 oppidum
989 2600 1190 2683 insulense,

129 2718 340 2788 Cortracum
360 2728 395 2787 et
414 2713 677 2800 budenardam
695 2715 1078 2812 rependerunt'Quod
1096 2718 1193 2790 enim

130 2831 305 2903 damnum
321 2831 358 2902 in
375 2854 523 2903 suorum
542 2830 774 2928 populatione
796 2853 964 2927 agromm
989 2832 1109 2903 inferri
1132 2858 1194 2931 pq-

129 2960 265 3034 tuerat,
299 2970 450 3045 parvum
484 2961 591 3043 atque
618 2945 785 3041 exiguum
818 2961 894 3019 erat
925 2948 1194 3045 comparatione
1225 2949 1231 2962 '

130 3063 315 3137 hostilium
332 3064 609 3160 circumquaque
625 3075 816 3151 terrarum,
838 3064 875 3135 in
891 3087 979 3160 quas
993 3088 1054 3135 eos
1070 3089 1194 3163 perva-

132 3180 206 3275 gari
230 3193 266 3251 et
291 3176 429 3277 praedas
452 3192 559 3275 atque
584 3178 750 3250 incendia
772 3203 876 3275 agere
901 3180 938 3250 iu
964 3174 1136 3278 promptu
1152 3204 1195 3254 ac

131 3276 298 3395 perfacile
332 3308 418 3366 erat.
453 3298 521 3365 Pro
554 3295 673 3392 parvis
702 3296 843 3394 itaque,
881 3321 959 3393 quae
991 3294 1192 3391 subierant,

133 3410 292 3499 damnis,
316 3409 392 3481 sine
410 3409 679 3506 comparatione
696 3410 833 3506 majora
848 3434 890 3483 ac
915 3410 1041 3484 latiora
1067 3410 1194 3485 resere-

132 3527 257 3600 bant-
322 3603 323 3606 ,
1007 3591 1013 3599 ,

183 3648 263 3715 Non
291 3657 411 3715 tamen
439 3667 580 3742 semper
607 3644 755 3742 impune
778 3657 814 3716 et
839 3642 974 3741 absque
1003 3647 1057 3720 sui
1086 3646 1197 3718 detri-

135 3777 258 3837 mento
281 3760 318 3834 id
335 3760 448 3835 facere
471 3776 555 3835 sunt
574 3763 747 3863 permissi.
774 3766 865 3835 Nam
882 3788 965 3835 cum
979 3764 1192 3861 aliquando,

135 3880 186 3951 uti
218 3894 421 3969 assuerant,
446 3880 540 3952 circa
566 3879 812 3952 budenardam
838 3879 1057 3952 incursatum
1081 3874 1196 3952 venis·

135 4010 237 4084 sent,
257 3995 302 4066 de
319 3996 404 4094 ipsis
423 3998 566 4070 Francis
582 3996 701 4094 plures
715 3997 769 4069 vel
788 3997 883 4089 caesi,
903 3997 958 4069 vel
975 3997 1068 4095 capti
1093 4020 1196 4069 man-
1309 4034 1316 4045 ,

178 4254 207 4310 l.
232 4254 300 4309 Tum
309 4234 387 4315 dans
399 4251 427 4309 le
438 4269 509 4310 msc.
