2946 5070
139 517 149 545 ‘
205 519 261 575 116
472 511 729 568 fflsromnnun
748 509 925 569 Lunovlc1
944 508 988 564 xl

204 646 352 719 modum
378 667 463 715 vero
488 666 530 713 ex
554 642 615 712 tali
639 642 768 713 scelere
791 662 936 739 sperans
957 659 1060 736 posse
1077 635 1257 733 acquirere

202 765 445 862 episcopatum
463 757 537 830 filio
549 780 614 829 suo
623 761 646 846 ¹,
665 758 800 829 clerum
812 756 974 844 civitatis,
990 776 1055 852 per
1067 776 1160 849 quos
1171 752 1258 823 solet

202 878 412 976 pontificum
432 875 558 947 electio
575 873 767 963 celebrari,
783 875 823 945 in
839 898 952 944 unum
969 872 1103 968 coegit,
1124 870 1258 943 clausit·

202 1019 272 1091 quc
287 994 409 1065 locum
425 990 523 1062 unde
540 990 689 1061 minime
705 990 831 1061 exituri
851 989 988 1078 forent,
1006 987 1124 1060 donec
1144 987 1258 1084 ipsum

200 1107 314 1180 filium
331 1108 490 1180 suumin
510 1129 615 1177 suum
637 1103 846 1203 pontificem
868 1127 909 1175 ac
929 1118 1109 1202 pastorem
1133 1101 1258 1174 duxis-

200 1240 280 1298 sent
300 1223 517 1320 eligendum.
541 1228 657 1309 Quem
678 1247 785 1309 cum,
808 1222 869 1293 tali
892 1221 1125 1320 impressione
1154 1233 1258 1316 atque

200 1342 369 1413 violentia
383 1339 520 1428 adacti,
544 1338 659 1410 taliter
675 1337 825 1433 qualiter
840 1337 1024 1432 elegissent
1041 1390 1050 1424 ,
1074 1360 1137 1410 eos
1154 1336 1256 1407 etiam

200 1456 320 1551 adegit
340 1447 382 1527 'nt
404 1479 441 1528 sc
464 1469 500 1526 ct
524 1454 688 1524 omnium
713 1453 940 1525 ecclesiarum
961 1475 1106 1524 suarum
1129 1451 1258 1522 fructus

201 1570 296 1669 apud
318 1571 577 1642 nummularios
600 1569 699 1640 urbis
719 1570 941 1642 Coloniensis
960 1583 996 1640 et
1011 1569 1255 1659 venetiarum,

200 1709 264 1757 seu
279 1685 579 1774 Florentinorum,
599 1686 799 1780 obligarent
815 1699 921 1781 atque
936 1699 1180 1781 supponerent
1194 1688 1257 1782 pio

201 1823 341 1871 summa
363 1827 433 1872 xxx
454 1801 606 1873 millium
631 1800 866 1889 ducatorum,
892 1823 1000 1897 quam
1026 1801 1257 1872 necessariam

200 1914 268 1987 sibi
284 1916 432 2015 putabat
447 1916 494 1988 ad
512 1914 823 1988 confirmationem
844 1916 1026 1988 electionis
1041 1915 1086 1987 de
1104 1913 1179 1986 lilio
1195 1939 1256 1986 suo

202 2031 299 2104 lactae
322 2057 343 2105 a
367 2033 450 2106 sede
469 2033 664 2131 apostolica
686 2031 933 2105 obtinendam.
956 2035 1076 2103 Caecus
1100 2029 1256 2129 profecto

201 2147 352 2218 nimium
370 2162 475 2244 atque
490 2148 636 2220 insanus
651 2163 688 2218 et
702 2148 833 2219 mentis
849 2148 977 2244 impos,
994 2148 1056 2244 qui
1069 2143 1257 2245 [sperabat]

201 2285 265 2358 per
292 2276 365 2333 tam
389 2261 612 2334 horrendum
637 2262 866 2361 parricidium
895 2287 916 2335 a
942 2288 979 2334 se
998 2262 1130 2335 lactum
1159 2285 1258 2359 posse

201 2375 276 2448 filio
298 2403 385 2467 suo,
419 2380 468 2450 sic
493 2403 556 2477 per
577 2380 846 2477 impressionem
869 2379 1081 2475 nulliterque
1111 2377 1223 2450 electo
1234 2381 1254 2466 ¹,

200 2493 289 2565 illud
315 2494 515 2591 episcopale
536 2494 713 2590 fastigium
738 2496 926 2586 obvenire,
946 2521 1028 2568 cum
1052 2495 1125 2567 hoo
1146 2497 1257 2593 ipsum

201 2632 276 2679 non
291 2607 403 2679 modo
417 2609 539 2679 omnia
554 2610 633 2704 jura
648 2608 770 2682 divina
785 2625 821 2681 et
833 2611 1012 2699 humana,
1032 2608 1094 2682 sed
1111 2625 1146 2682 et
1167 2625 1258 2682 totus

200 2725 412 2796 christianus
431 2724 529 2796 orbis
540 2725 704 2797 horreret
717 2741 823 2824 atque
839 2727 966 2797 merito
982 2712 1232 2799 exsecraretur.

250 2843 375 2914 Statim
399 2856 518 2914 autem
545 2857 582 2913 ut
608 2843 757 2914 civitatis
778 2843 928 2940 imperio
955 2858 991 2915 et
1014 2842 1257 2914 dominatione

202 2971 254 3027 est
272 2958 417 3054 potitus,
439 2982 503 3055 per
521 2959 644 3031 omnia
659 2959 780 3057 patriae
796 2958 999 3030 Leodiensis
1020 2958 1154 3056 oppida
1174 2983 1257 3029 nun·

201 3072 269 3142 tios
284 3073 378 3144 misit
394 3088 567 3168 quatenus
580 3074 627 3146 ad
641 3099 690 3164 se,
712 3075 897 3164 Leodium,
917 3089 1101 3173 portarurn
1117 3099 1256 3146 suarum

202 3184 317 3256 claves
341 3186 520 3259 deferrent
528 3192 551 3279 ⁸,
579 3205 685 3285 atque
714 3204 753 3260 ut
782 3189 872 3279 sibi,
901 3191 996 3262 velut
1024 3189 1177 3260 domino
1200 3214 1256 3262 seu

201 3299 379 3373 defensori
406 3305 544 3400 patriae,
578 3307 748 3404 parituri,
771 3303 886 3377 fidelis
908 3305 1120 3378 obedientiae
1141 3330 1257 3378 sacra·

201 3431 321 3488 menta
332 3434 547 3516 praestarcnt.
564 3420 670 3508 Quod
685 3423 816 3511 statim,
828 3447 902 3493 non
917 3422 1063 3518 quidem
1074 3423 1254 3511 vi'coacta,

199 3531 263 3603 sed
286 3541 484 3630 spontanea
506 3551 542 3607 ct
571 3536 732 3608 volenter
752 3539 874 3610 omnia
896 3538 1016 3635 patriae
1039 3537 1174 3637 oppida
1194 3536 1255 3611 sibi

199 3648 360 3746 parendo
377 3649 547 3722 lecerunt.

241 3794 270 3852 1.
290 3817 302 3841 (ι
321 3792 418 3849 Priant
432 3812 489 3870 que
502 3813 554 3851 son
569 3794 645 3852 frere
655 3793 748 3855 Jelran
764 3795 800 3852 de
811 3798 853 3853 La
865 3795 982 3866 Morck,
1002 3795 1177 3854 esmdianta
1195 3796 1254 3855 Col·

199 3883 323 3961 longne,
342 3884 398 3942 lust
418 3885 498 3944 esleu
518 3888 654 3965 evesque.
675 3913 688 3938 r
713 3888 846 3960 Molinet,
866 3889 886 3947 l.
909 3907 938 3946 c.
959 3888 1034 3947 C⁷est
1054 3909 1090 3948 en
1113 3891 1182 3948 ellet
1208 3907 1254 3948 son

199 3977 274 4034 frere
288 3989 316 4034 ct
328 3993 387 4035 non
404 3996 456 4035 son
472 3979 515 4037 fils
530 3998 586 4056 que
599 3981 762 4040 Guillaume
776 3981 813 4039 de
826 3986 866 4040 La
879 3981 976 4041 Marck
990 3983 1091 4041 voulut
1107 3982 1255 4041 substituer

198 4071 214 4126 a
230 4069 318 4127 Louis
332 4068 368 4127 de
379 4070 526 4134 Bourhon.

237 4165 267 4224 ἲ.
290 4166 345 4220 llls.
361 4168 461 4222 illecto.

238 4258 267 4316 ³.
289 4260 343 4317 115.
358 4259 521 4335 differrent.
