2946 5070
574 498 682 555 Ltntttt
701 498 902 556 SECUNDUS.
1206 498 1264 555 365

204 632 357 730 regionis
392 645 643 730 cooperatores
673 644 709 702 et
739 643 813 702 tam
847 644 971 702 sancto
1004 631 1266 702 consentientes

203 747 318 820 labori
334 747 411 823 fieri
433 748 647 821 curavimus.
669 746 727 819 Ob
747 746 848 844 quod
873 761 907 820 et
923 745 1065 845 tyranni
1081 761 1116 819 et
1140 748 1267 819 multo·

204 888 283 935 rum
310 864 536 963 iniquorum,
569 887 657 960 quas
682 887 789 960 supra
816 863 1052 954 retexuimus,
1083 860 1209 935 odimn
1230 877 1266 935 et

203 981 466 1076 persecutiones
481 979 695 1052 incurrimus
712 993 818 1076 atque
832 977 1054 1076 pertulimus.

252 1098 402 1195 Propter
427 1096 525 1193 quod
549 1096 744 1195 plurimum
764 1095 992 1168 consolamur
1016 1095 1054 1166 in
1083 1093 1263 1184 Domin03

203 1234 325 1308 quem,
342 1237 425 1285 cum
441 1214 484 1285 sit
496 1214 636 1305 veritas,
657 1211 799 1286 fidelem
815 1234 891 1283 esse
905 1235 979 1282 non
996 1208 1215 1303 dubitamus,
1231 1225 1267 1283 et

204 1327 426 1402 confidenter
441 1329 487 1403 ab
504 1332 579 1427 ejus
602 1330 790 1403 clementia
807 1327 1009 1402 mercedem
1033 1325 1079 1400 ab
1095 1352 1140 1399 eo
1156 1325 1267 1400 beati·

203 1445 336 1519 tudinis
357 1449 609 1547 repromissam
628 1449 685 1521 his
705 1449 768 1545 qui
792 1462 939 1546 propter
959 1446 1131 1543 justitiam
1148 1469 1267 1543 perse·

203 1564 383 1637 cntionem
401 1567 598 1665 patiuntur,
617 1580 874 1664 exspectamus,
884 1564 966 1634 ‘imo
982 1564 1101 1662 potius
1117 1563 1266 1660 gratiam

202 1702 269 1776 pro
287 1683 410 1776 gratia.
432 1712 449 1750 n
473 1683 569 1754 Beati
591 1709 609 1749 n
632 1682 793 1779 inquit«
814 1680 922 1773 eritis,
941 1704 1025 1752 cum
1039 1677 1182 1751 oderint
1203 1705 1267 1754 vos

202 1794 386 1888 bomines3
405 1811 541 1869 etcum
561 1798 801 1897 separaverint
818 1822 882 1868 vos
898 1812 934 1869 et
953 1794 1264 1895 exprobraverint,

204 1925 240 1982 et
255 1912 423 2009 ejecerint
439 1938 573 1985 nomen
590 1929 746 1986 vestrum
765 1927 937 2010 tanquam
955 1911 1105 2005 malum,
1121 1927 1269 2011 propter

204 2024 317 2098 filium
333 2027 505 2123 hominis,
525 2030 675 2127 gaudete
693 2043 728 2103 et
744 2030 935 2123 exsultate,
959 2054 1042 2103 ecce
1061 2029 1268 2102 enimmer·

203 2169 261 2216 ces
282 2160 398 2220 vestra
411 2146 523 2220 multa
535 2149 638 2219 estin
651 2149 756 2219 coelo.
779 2176 797 2215 n
812 2150 894 2218 Hac
909 2146 1007 2218 enim
1023 2168 1103 2244 spes
1114 2159 1150 2218 et
1166 2145 1268 2220 firma

203 2274 310 2358 atque
326 2277 422 2335 certa
437 2264 666 2362 exspectatio,
682 2287 791 2360 qnam
809 2288 884 2334 non
901 2261 947 2334 de
963 2262 1118 2361 propriis
1135 2264 1269 2337 meritis

203 2377 257 2448 vel
272 2378 425 2474 justitia,
443 2379 506 2452 sed
523 2379 570 2453 de
585 2379 662 2453 sola
681 2381 747 2452 Dei
767 2378 1011 2453 misericordia
1028 2393 1063 2451 et
1080 2378 1268 2453 clementia

203 2493 291 2565 mihi
316 2511 498 2594 antepono
529 2521 571 2569 ac
598 2497 762 2596 praesero,
798 2522 855 2568 me
878 2497 1062 2570 consolata
1086 2511 1139 2569 est
1160 2499 1288 2605 pluri·⁸
1361 2480 1367 2493 ⁵

203 2634 374 2708 mumque
391 2612 515 2684 dietim
529 2614 735 2686 consolatur
747 2614 785 2685 in
801 2613 1001 2684 humilitate
1018 2637 1110 2684 mea.
1131 2618 1176 2685 Et
1187 2614 1270 2687 licet

205 2749 321 2822 neque
337 2727 516 2800 dictorum
536 2752 745 2826 procerum,
764 2751 881 2823 neque
903 2742 1036 2819 nostra,
1057 2753 1173 2826 neque
1188 2730 1268 2828 plu-

204 2841 379 2913 rimomm
411 2843 564 2915 aliorum
593 2843 788 2916 zelatomm
813 2843 955 2939 justitiae
988 2844 1048 2943 pia
1081 2859 1117 2916 et
1147 2862 1268 2920 sancta

204 2959 377 3050 intentio,
412 2984 521 3057 quem
552 2959 767 3058 putabamus
801 2958 1126 3058 sperabamusque,
1166 2942 1269 3035 fuerit

204 3090 396 3149 consecuta
423 3075 610 3166 effectum,
638 3091 758 3148 tamen
790 3074 939 3148 firmiter
969 3090 1004 3147 et
1038 3074 1173 3173 absque
1196 3078 1269 3152 ulla

204 3189 423 3265 hesitatione
449 3190 665 3265 confidimus
687 3216 709 3265 a
734 3192 1009 3265 clementissimo
1028 3196 1129 3268 Patre
1152 3220 1269 3294 neque

204 3307 300 3405 ipsos
316 3335 431 3409 neque
449 3334 517 3382 nos
531 3323 658 3383 nostrae
673 3308 780 3383 bonae
797 3309 990 3383 voluntatis
1003 3309 1158 3384 fraudari
1175 3338 1269 3385 mer·

206 3425 293 3497 cede
313 3441 349 3499 et
365 3427 499 3518 fructu,
525 3428 587 3524 qui
604 3452 679 3500 non
696 3425 743 3499 ab
760 3451 879 3499 rerum
894 3427 1008 3517 exitu,
1029 3428 1092 3501 sed
1110 3454 1132 3504 a
1148 3444 1270 3505 sancta

206 3542 349 3639 piorum
372 3544 570 3617 intentione
595 3568 705 3642 opera
726 3558 850 3617 nostra
869 3550 995 3642 pensat
1018 3560 1053 3617 et
1077 3544 1266 3645 approbat.

209 3687 226 3726 o
246 3658 379 3751 Exitus,
404 3689 420 3725 s
440 3661 556 3758 inquit
569 3658 700 3731 nobilis
714 3673 820 3757 poeta
837 3659 988 3732 Ovidius
1003 3661 1267 3757 interrogative,

210 3807 227 3843 tt
247 3791 327 3851 acta
341 3774 496 3876 probati
510 3806 528 3846 n
546 3791 582 3850 et
598 3777 699 3876 quod
716 3776 851 3850 diceret
867 3801 961 3871 non,
978 3776 1175 3851 subinfert:

641 3951 755 4015 Careat
768 3951 962 4017 successibus
977 3966 1055 4040 opto

319 4055 468 4147 Quisquis
483 4057 524 4123 ab
540 4073 658 4123 eventu
673 4056 757 4124 facta
773 4057 915 4124 notanda
934 4073 1036 4148 putat.
