2946 5070
565 485 673 540 1,th
696 484 887 543 SEPTIMUS.
1201 479 1259 544 lbh

201 645 307 720 super
339 618 589 690 reformatione
627 615 846 712 gabellarum
883 619 964 689 salis
1005 620 1158 691 exercita
1196 642 1261 718 per

200 760 363 833 regnum,
394 748 429 805 et
452 748 591 829 quentae
621 735 752 831 rapinae
780 732 962 806 bonorum
991 750 1096 832 atque
1122 734 1261 831 injurie

200 852 267 925 sub
286 865 453 949 praetextu
475 850 568 921 illius
585 847 845 923 reformationis
867 853 1025 923 exercitae
1046 865 1261 949 patrataeque

201 967 349 1057 luerint,
375 967 455 1062 quis
481 964 611 1036 referre
635 965 848 1038 sufficienter
875 968 1013 1065 possit?
1043 967 1146 1040 Ibant
1176 968 1261 1040 dicti

201 1083 411 1181 iniquissimi
426 1081 677 1168 commissarii,
695 1081 864 1152 clientum
883 1084 1031 1153 catervis
1047 1084 1180 1180 stipati,
1198 1108 1262 1181 per

200 1203 375 1291 civitates,
397 1223 461 1297 per
477 1180 618 1269 castella
635 1212 672 1268 et
687 1197 803 1291 villas,
823 1200 1040 1297 passimque,
1058 1224 1149 1296 quos
1164 1201 1261 1271 vole.

199 1317 288 1391 bant
300 1331 337 1390 et
350 1318 412 1414 qui
427 1339 503 1387 rem
515 1315 670 1409 aliquam
684 1313 803 1385 adhuc
818 1313 949 1386 habere
961 1328 1182 1413 putarentur,
1194 1336 1261 1413 pro

200 1435 278 1506 solo
300 1432 402 1504 libito
424 1429 663 1524 mulctabant,
683 1428 794 1502 alitam
813 1447 975 1523 centum,
996 1431 1105 1501 alium
1127 1429 1261 1503 ducen-

201 1552 263 1643 tis,
285 1550 396 1621 aliurn
412 1547 670 1645 quinquaginta
688 1542 813 1645 [tibris]
833 1546 979 1644 aliisque
994 1548 1099 1619 variis
1115 1549 1262 1619 summis

200 1679 383 1737 taxantes:
405 1687 494 1759 quas
512 1660 702 1758 oportebat
717 1660 813 1733 illico
833 1663 1031 1751 exsolvere,
1059 1662 1115 1733 vel
1131 1687 1262 1762 corpus

200 1782 236 1854 iu
258 1803 436 1852 carcerem
453 1777 622 1876 pertrahi.
643 1782 714 1848 Nec
730 1777 846 1848 solum
865 1778 903 1848 in
922 1778 1050 1870 laicos,
1075 1777 1137 1849 sed
1154 1779 1190 1849 in
1206 1802 1262 1851 ec·

199 1897 411 1968 olesiasticos
446 1910 482 1968 et
512 1894 728 1986 sacerdotes,
769 1895 952 1967 saeculares
984 1909 1020 1965 et
1057 1895 1258 1990 religiosos,

200 2012 339 2084 nobiles
355 2027 391 2082 et
410 2009 602 2106 ignobiles,
622 2009 869 2106 hujuscemodi
890 2009 1023 2081 fiebant
1043 2011 1256 2082 exactiones.

199 2128 324 2202 Nullus
339 2128 448 2224 injus
462 2126 671 2215 vocabatur,
694 2151 759 2198 nec
779 2125 825 2197 de
847 2150 971 2215 causa,
990 2141 1260 2226 propterquam

199 2234 504 2318 taxari'deberent
519 2268 582 2315 seu
594 2243 770 2333 mulctari,
785 2242 1077 2341 interponebatur
1087 2244 1256 2338 cognitio.

199 2362 369 2434 Voluntas
382 2360 459 2432 sola
474 2359 635 2456 rapiendi
650 2382 716 2456 pro
731 2360 831 2430 omni
844 2383 957 2431 causae
973 2360 1177 2456 cognitione
1191 2360 1262 2432 suf·

200 2474 354 2569 liciebat,
379 2501 445 2548 nec
462 2490 537 2547 erat
552 2475 781 2572 appellationi
800 2500 863 2547 seu
882 2477 1128 2573 provocationi
1145 2478 1256 2549 locus.

201 2593 254 2667 nb
272 2594 499 2667 exsecutione
518 2613 584 2663 nec
612 2593 724 2664 otium
737 2597 759 2681 ¹,
782 2615 848 2661 nec
864 2591 1033 2664 adversus
1049 2617 1128 2664 eam
1147 2593 1259 2664 ullum

197 2713 286 2808 juris
308 2710 505 2784 remedium
530 2724 616 2781 erat.
642 2707 873 2780 lnhibebatur
890 2708 986 2778 enim
1011 2732 1075 2805 per
1095 2709 1259 2804 hujusce-

200 2827 300 2899 modi
322 2827 433 2921 regias
450 2825 735 2915 commissiones,
765 2847 810 2894 ne
831 2823 1049 2919 quicumque
1065 2823 1261 2895 ordinario·

200 3015 277 3073 avait
294 3013 383 3073 voulu
397 3013 540 3073 remedier
553 3032 610 3071 aux
623 3010 840 3070 inconvenients
851 3012 899 3090 qui
913 3010 1080 3070 resultaient
1093 3011 1129 3070 de
1143 3012 1171 3070 la
1183 3013 1259 3071 mol—

200 3109 273 3168 lesse
293 3130 333 3167 ou
349 3108 386 3167 de
398 3107 426 3166 la
447 3107 567 3166 timidite
589 3107 639 3165 des
661 3107 744 3184 juges
763 3106 855 3167 civils.
874 3103 982 3166 S'e'tant
995 3125 1102 3185 apercu
1116 3105 1181 3184 plus
1196 3107 1258 3165 tard

201 3223 257 3282 que
271 3203 299 3262 le
311 3205 414 3282 presdt
428 3201 478 3261 des
491 3202 665 3260 marechnux
678 3202 777 3259 n'etait
788 3220 839 3278 pas
853 3200 920 3259 bien
934 3200 1010 3259 servi
1027 3222 1080 3280 par
1093 3221 1138 3260 ses
1157 3202 1259 3261 lieute-

200 3310 303 3367 nanta,
316 3296 336 3354 il
350 3295 429 3355 saisit
446 3295 482 3353 de
499 3312 652 3367 noureau,
667 3313 720 3372 par
734 3313 773 3353 un
790 3293 849 3353 edit
860 3313 897 3352 en
911 3293 976 3352 date
990 3294 1030 3353 du
1044 3298 1081 3353 13
1097 3272 1159 3353 mii'
1168 3300 1258 3367 tuto,

200 3389 242 3452 les
273 3390 428 3449 tribunaux
447 3389 606 3449 ordinaires
630 3388 667 3447 de
691 3389 719 3447 la
738 3388 942 3447 connaissance
966 3387 1016 3447 des
1038 3387 1122 3448 delits
1139 3389 1259 3448 commis

200 3503 253 3564 par
272 3483 313 3543 les
329 3503 399 3564 gens
416 3482 556 3555 dames,
578 3501 615 3540 en
633 3481 696 3539 leur
712 3481 878 3562 adjoignant
891 3482 919 3539 le
932 3481 1073 3559 capitaine
1088 3482 1124 3541 de
1137 3481 1164 3539 la
1179 3500 1260 3541 com·

200 3578 304 3657 pegnie
323 3596 361 3635 ou
375 3597 414 3635 au
432 3577 524 3634 moins
540 3595 581 3649 un
597 3574 666 3634 chef
681 3574 718 3633 de
739 3575 887 3634 chambre.
901 3575 925 3633 ll
945 3576 1087 3654 exceptait
1100 3576 1261 3634 seulement

200 3671 228 3730 le
252 3692 300 3730 cas
319 3675 357 3730 ob
379 3671 440 3728 l'un
458 3669 509 3728 des
532 3668 705 3730 mare'ehaux
729 3670 765 3728 de
785 3675 893 3730 France
915 3669 1001 3728 serait
1019 3671 1149 3748 present,
1174 3688 1260 3749 parce

200 3767 327 3844 qu'alors
342 3767 437 3826 c'etait
447 3785 484 3824 au
497 3766 642 3824 marechal
657 3765 694 3825 de
707 3766 816 3824 chdtier
830 3766 872 3826 les
886 3764 1055 3844 coupables3
1074 3766 1144 3827 mais
1156 3766 1183 3824 le
1197 3784 1258 3824 ma-

200 3860 296 3919 rkchal
311 3859 348 3918 de
362 3878 415 3918 son
429 3860 493 3917 cote
507 3858 603 3918 derait
617 3860 763 3918 accueillir
776 3859 818 3920 les
831 3860 954 3940 pleintes
971 3860 1022 3919 des
1035 3861 1119 3940 juges
1132 3859 1236 3918 locaux
1250 3903 1258 3929 ,

199 3963 229 4011 et
242 3955 336 4011 nieme
350 3952 392 4012 les
405 3953 478 4012 faire
492 3951 606 4011 assister
620 3957 635 4011 a
652 3973 696 4012 ses
710 3973 815 4014 revues
830 3974 905 4034 pour
916 3955 1000 4034 qu’ils
1013 3954 1054 4013 lui
1065 3953 1261 4032 designassent
1277 3972 1280 3994 ¹

200 4045 242 4104 les
250 4046 381 4107 hommes
395 4059 495 4105 contre
506 4047 629 4125 lesquels
638 4047 657 4106 il
669 4049 773 4125 yarait
786 4049 911 4128 quelque
920 4050 1007 4109 chose
1020 4052 1035 4107 l
1047 4048 1118 4106 dire.
1132 4050 1258 4106 Ordonn.

199 4142 250 4197 des
266 4147 322 4197 tois
335 4143 372 4196 de
386 4145 512 4212 France,
528 4153 548 4198 t.
566 4143 659 4214 XVII,
675 4162 705 4220 p.
720 4144 788 4201 294.

242 4236 270 4291 l.
294 4236 349 4294 Ms.
363 4233 400 4315 ab
413 4241 577 4292 executione
590 4239 740 4310 negotium.
