<?xml version="1.0" encoding="UTF-8"?>
<!DOCTYPE html PUBLIC "-//W3C//DTD XHTML 1.0 Transitional//EN"
    "http://www.w3.org/TR/xhtml1/DTD/xhtml1-transitional.dtd">
<html xmlns="http://www.w3.org/1999/xhtml" xml:lang="en" lang="en">
 <head>
  <title>
</title>
<meta http-equiv="Content-Type" content="text/html;charset=utf-8" />
  <meta name='ocr-system' content='tesseract 3.04.00' />
  <meta name='ocr-capabilities' content='ocr_page ocr_carea ocr_par ocr_line ocrx_word'/>
</head>
<body>
  <div class='ocr_page' id='page_1' title='image "./histoiredesrgne00amelgoog_0169.png"; bbox 0 0 2946 5070; ppageno 0'>
   <div class='ocr_carea' id='block_1_1' title="bbox 199 402 1351 563">
    <p class='ocr_par' dir='ltr' id='par_1_1' title="bbox 199 402 1351 563">
     <span class='ocr_line' id='line_1_1' title="bbox 199 402 1351 563; baseline 0.006 -58"><span class='ocrx_word' id='word_1_1' title='bbox 199 451 255 506; x_wconf 77' lang='lat' dir='ltr'><strong>us</strong></span> <span class='ocrx_word' id='word_1_2' title='bbox 475 449 1052 509; x_wconf 78' lang='lat' dir='ltr'><strong>msrommuununovruxr</strong></span> <span class='ocrx_word' id='word_1_3' title='bbox 1133 406 1138 415; x_wconf 44' lang='lat'><strong>¹</strong></span> <span class='ocrx_word' id='word_1_4' title='bbox 1107 402 1351 563; x_wconf 34' lang='grc' dir='ltr'><strong>’,μ-,ρ’</strong></span> 
     </span>
    </p>
   </div>
   <div class='ocr_carea' id='block_1_2' title="bbox 197 516 1351 770">
    <p class='ocr_par' dir='ltr' id='par_1_2' title="bbox 197 516 1351 770">
     <span class='ocr_line' id='line_1_2' title="bbox 197 516 1351 709; baseline 0 -54"><span class='ocrx_word' id='word_1_5' title='bbox 197 606 240 655; x_wconf 88' lang='lat' dir='ltr'><strong>ac</strong></span> <span class='ocrx_word' id='word_1_6' title='bbox 254 581 472 678; x_wconf 83' lang='lat' dir='ltr'><strong>dejectione,</strong></span> <span class='ocrx_word' id='word_1_7' title='bbox 491 582 790 680; x_wconf 83' lang='lat' dir='ltr'><strong>Enghelbertique</strong></span> <span class='ocrx_word' id='word_1_8' title='bbox 804 608 860 659; x_wconf 82' lang='lat' dir='ltr'><strong>sur</strong></span> <span class='ocrx_word' id='word_1_9' title='bbox 848 581 1142 683; x_wconf 59' lang='lat' dir='ltr'><strong>sublimatione,</strong></span> <span class='ocrx_word' id='word_1_10' title='bbox 1155 582 1336 687; x_wconf 69' lang='lat' dir='ltr'><strong>potu</strong></span> <span class='ocrx_word' id='word_1_11' title='bbox 1295 516 1351 709; x_wconf 38' lang='lat' dir='ltr'><strong>{illl</strong></span> 
     </span>
     <span class='ocr_line' id='line_1_3' title="bbox 198 697 1317 770; baseline -0.003 0"><span class='ocrx_word' id='word_1_12' title='bbox 198 700 345 770; x_wconf 85' lang='lat' dir='ltr'><strong>minime</strong></span> <span class='ocrx_word' id='word_1_13' title='bbox 361 697 582 770; x_wconf 84' lang='lat' dir='ltr'><strong>dubitarunt.</strong></span> <span class='ocrx_word' id='word_1_14' title='bbox 1314 718 1317 723; x_wconf 86' lang='lat'>·</span> 
     </span>
    </p>
   </div>
   <div class='ocr_carea' id='block_1_3' title="bbox 528 931 933 1055">
    <p class='ocr_par' dir='ltr' id='par_1_3' title="bbox 528 931 933 1055">
     <span class='ocr_line' id='line_1_4' title="bbox 528 931 933 1055; baseline -0.005 -1"><span class='ocrx_word' id='word_1_15' title='bbox 528 931 783 1055; x_wconf 73' lang='lat' dir='ltr'><strong>curruum</strong></span> <span class='ocrx_word' id='word_1_16' title='bbox 810 984 933 1054; x_wconf 81' lang='lat' dir='ltr'><strong>xxix</strong></span> 
     </span>
    </p>
   </div>
   <div class='ocr_carea' id='block_1_4' title="bbox 198 1180 1351 1359">
    <p class='ocr_par' dir='ltr' id='par_1_4' title="bbox 198 1180 1351 1346">
     <span class='ocr_line' id='line_1_5' title="bbox 198 1180 1351 1283; baseline 0.003 -39"><span class='ocrx_word' id='word_1_17' title='bbox 198 1192 237 1243; x_wconf 85' lang='lat' dir='ltr'><strong>De</strong></span> <span class='ocrx_word' id='word_1_18' title='bbox 250 1188 402 1243; x_wconf 70' lang='lat' dir='ltr'>exsecrabili</span> <span class='ocrx_word' id='word_1_19' title='bbox 415 1188 551 1260; x_wconf 78' lang='lat' dir='ltr'><strong>sacrilegio</strong></span> <span class='ocrx_word' id='word_1_20' title='bbox 565 1188 637 1240; x_wconf 83' lang='lat' dir='ltr'><strong>necis</strong></span> <span class='ocrx_word' id='word_1_21' title='bbox 652 1188 769 1260; x_wconf 80' lang='lat' dir='ltr'><strong>episcopi</strong></span> <span class='ocrx_word' id='word_1_22' title='bbox 762 1185 946 1256; x_wconf 62' lang='lat' dir='ltr'><strong>uodknm,</strong></span> <span class='ocrx_word' id='word_1_23' title='bbox 957 1186 1105 1243; x_wconf 64' lang='lat' dir='ltr'><strong>conmu-</strong></span> <span class='ocrx_word' id='word_1_24' title='bbox 1114 1180 1351 1283; x_wconf 54' lang='grc' dir='ltr'><strong>μω</strong></span> 
     </span>
     <span class='ocr_line' id='line_1_6' title="bbox 234 1232 1338 1359; baseline 0.002 -32"><span class='ocrx_word' id='word_1_25' title='bbox 234 1293 299 1327; x_wconf 89' lang='lat' dir='ltr'><strong>num</strong></span> <span class='ocrx_word' id='word_1_26' title='bbox 313 1273 492 1327; x_wconf 83' lang='lat' dir='ltr'><strong>Wilhelmum</strong></span> <span class='ocrx_word' id='word_1_27' title='bbox 504 1271 538 1324; x_wconf 89' lang='lat' dir='ltr'><strong>de</strong></span> <span class='ocrx_word' id='word_1_28' title='bbox 550 1278 604 1324; x_wconf 84' lang='lat' dir='ltr'><strong>Are</strong></span> <span class='ocrx_word' id='word_1_29' title='bbox 605 1272 657 1323; x_wconf 85' lang='lat' dir='ltr'><strong>meh</strong></span> <span class='ocrx_word' id='word_1_30' title='bbox 644 1292 701 1323; x_wconf 73' lang='lat' dir='ltr'><strong>ecre</strong></span> <span class='ocrx_word' id='word_1_31' title='bbox 672 1272 736 1339; x_wconf 52' lang='lat' dir='ltr'><strong>cles</strong></span> <span class='ocrx_word' id='word_1_32' title='bbox 730 1292 758 1324; x_wconf 89' lang='lat' dir='ltr'><strong>m</strong></span> <span class='ocrx_word' id='word_1_33' title='bbox 770 1273 846 1343; x_wconf 82' lang='lat' dir='ltr'><strong>cujus</strong></span> <span class='ocrx_word' id='word_1_34' title='bbox 858 1271 1033 1346; x_wconf 63' lang='lat' dir='ltr'><strong>prosperitate</strong></span> <span class='ocrx_word' id='word_1_35' title='bbox 1042 1282 1069 1327; x_wconf 77' lang='lat' dir='ltr'><strong>et</strong></span> <span class='ocrx_word' id='word_1_36' title='bbox 1081 1271 1187 1329; x_wconf 75' lang='lat' dir='ltr'><strong>milio</strong></span> <span class='ocrx_word' id='word_1_37' title='bbox 1197 1232 1338 1359; x_wconf 35' lang='lat' dir='ltr'><strong>udin-{l</strong></span> 
     </span>
    </p>
   </div>
   <div class='ocr_carea' id='block_1_5' title="bbox 234 1358 908 1431">
    <p class='ocr_par' dir='ltr' id='par_1_5' title="bbox 234 1358 908 1431">
     <span class='ocr_line' id='line_1_7' title="bbox 234 1358 908 1431; baseline 0.002 -19"><span class='ocrx_word' id='word_1_38' title='bbox 234 1359 294 1412; x_wconf 84' lang='lat' dir='ltr'><strong>tiosr</strong></span> <span class='ocrx_word' id='word_1_39' title='bbox 286 1359 483 1431; x_wconf 77' lang='lat' dir='ltr'><strong>&#39;Trajcctenses</strong></span> <span class='ocrx_word' id='word_1_40' title='bbox 494 1358 638 1431; x_wconf 90' lang='lat' dir='ltr'><strong>plurimum</strong></span> <span class='ocrx_word' id='word_1_41' title='bbox 648 1376 702 1431; x_wconf 86' lang='lat' dir='ltr'><strong>sper</strong></span> <span class='ocrx_word' id='word_1_42' title='bbox 695 1359 908 1431; x_wconf 66' lang='lat' dir='ltr'><strong>reponebant.</strong></span> 
     </span>
    </p>
   </div>
   <div class='ocr_carea' id='block_1_6' title="bbox 1225 1382 1351 1517">
    <p class='ocr_par' dir='ltr' id='par_1_6' title="bbox 1225 1382 1351 1517">
     <span class='ocr_line' id='line_1_8' title="bbox 1225 1382 1351 1517; baseline 0 -42"><span class='ocrx_word' id='word_1_43' title='bbox 1225 1382 1351 1517; x_wconf 50' lang='grc' dir='ltr'>ηιξ</span> 
     </span>
    </p>
   </div>
   <div class='ocr_carea' id='block_1_7' title="bbox 124 1518 1329 3624">
    <p class='ocr_par' dir='ltr' id='par_1_7' title="bbox 200 1518 1329 2225">
     <span class='ocr_line' id='line_1_9' title="bbox 249 1518 1329 1651; baseline 0.006 -28"><span class='ocrx_word' id='word_1_44' title='bbox 249 1557 321 1624; x_wconf 88' lang='lat' dir='ltr'><strong>Nec</strong></span> <span class='ocrx_word' id='word_1_45' title='bbox 347 1568 467 1624; x_wconf 87' lang='lat' dir='ltr'><strong>tamen</strong></span> <span class='ocrx_word' id='word_1_46' title='bbox 496 1555 533 1624; x_wconf 94' lang='lat' dir='ltr'><strong>in</strong></span> <span class='ocrx_word' id='word_1_47' title='bbox 560 1555 611 1624; x_wconf 90' lang='lat' dir='ltr'><strong>eis</strong></span> <span class='ocrx_word' id='word_1_48' title='bbox 637 1553 721 1624; x_wconf 90' lang='lat' dir='ltr'><strong>solis</strong></span> <span class='ocrx_word' id='word_1_49' title='bbox 738 1550 829 1648; x_wconf 83' lang='lat' dir='ltr'><strong>regis</strong></span> <span class='ocrx_word' id='word_1_50' title='bbox 847 1576 890 1624; x_wconf 88' lang='lat' dir='ltr'><strong>ac</strong></span> <span class='ocrx_word' id='word_1_51' title='bbox 906 1550 1078 1651; x_wconf 84' lang='lat' dir='ltr'><strong>principis</strong></span> <span class='ocrx_word' id='word_1_52' title='bbox 1094 1551 1322 1629; x_wconf 62' lang='lat' dir='ltr'><strong>Clivonffl?</strong></span> <span class='ocrx_word' id='word_1_53' title='bbox 1291 1518 1329 1587; x_wconf 62' lang='lat' dir='ltr'><strong>l</strong></span> 
     </span>
     <span class='ocr_line' id='line_1_10' title="bbox 200 1668 1313 1769; baseline 0.004 -30"><span class='ocrx_word' id='word_1_54' title='bbox 200 1668 388 1760; x_wconf 89' lang='lat' dir='ltr'><strong>subsidiis,</strong></span> <span class='ocrx_word' id='word_1_55' title='bbox 422 1683 461 1740; x_wconf 91' lang='lat' dir='ltr'><strong>ut</strong></span> <span class='ocrx_word' id='word_1_56' title='bbox 484 1693 548 1766; x_wconf 89' lang='lat' dir='ltr'><strong>per</strong></span> <span class='ocrx_word' id='word_1_57' title='bbox 568 1694 695 1739; x_wconf 90' lang='lat' dir='ltr'><strong>eorum</strong></span> <span class='ocrx_word' id='word_1_58' title='bbox 714 1669 844 1741; x_wconf 84' lang='lat' dir='ltr'><strong>auxilia</strong></span> <span class='ocrx_word' id='word_1_59' title='bbox 862 1668 909 1740; x_wconf 86' lang='lat' dir='ltr'><strong>ad</strong></span> <span class='ocrx_word' id='word_1_60' title='bbox 929 1669 1123 1767; x_wconf 83' lang='lat' dir='ltr'><strong>concupita</strong></span> <span class='ocrx_word' id='word_1_61' title='bbox 1139 1692 1267 1769; x_wconf 75' lang='lat' dir='ltr'><strong>porro·</strong></span> <span class='ocrx_word' id='word_1_62' title='bbox 1309 1708 1313 1713; x_wconf 84' lang='lat'><em>-</em></span> 
     </span>
     <span class='ocr_line' id='line_1_11' title="bbox 200 1778 1269 1881; baseline 0.002 -29"><span class='ocrx_word' id='word_1_63' title='bbox 200 1783 336 1872; x_wconf 90' lang='lat' dir='ltr'><strong>nirent,</strong></span> <span class='ocrx_word' id='word_1_64' title='bbox 368 1806 442 1853; x_wconf 85' lang='lat' dir='ltr'><strong>sese</strong></span> <span class='ocrx_word' id='word_1_65' title='bbox 471 1779 683 1870; x_wconf 82' lang='lat' dir='ltr'><strong>fulciebant3</strong></span> <span class='ocrx_word' id='word_1_66' title='bbox 715 1780 778 1851; x_wconf 88' lang='lat' dir='ltr'><strong>scd</strong></span> <span class='ocrx_word' id='word_1_67' title='bbox 804 1778 903 1851; x_wconf 87' lang='lat' dir='ltr'><strong>etde</strong></span> <span class='ocrx_word' id='word_1_68' title='bbox 922 1778 1080 1873; x_wconf 80' lang='lat' dir='ltr'><strong>auxiliis,</strong></span> <span class='ocrx_word' id='word_1_69' title='bbox 1104 1802 1189 1878; x_wconf 74' lang='lat' dir='ltr'><strong>quoe</strong></span> <span class='ocrx_word' id='word_1_70' title='bbox 1202 1802 1269 1881; x_wconf 80' lang='lat' dir='ltr'><strong>por</strong></span> 
     </span>
     <span class='ocr_line' id='line_1_12' title="bbox 200 1837 1267 1996; baseline 0.004 -27"><span class='ocrx_word' id='word_1_71' title='bbox 200 1837 423 1994; x_wconf 85' lang='lat' dir='ltr'><strong>quemdam</strong></span> <span class='ocrx_word' id='word_1_72' title='bbox 414 1899 567 1996; x_wconf 82' lang='lat' dir='ltr'><strong>impium</strong></span> <span class='ocrx_word' id='word_1_73' title='bbox 588 1913 624 1968; x_wconf 86' lang='lat' dir='ltr'><strong>et</strong></span> <span class='ocrx_word' id='word_1_74' title='bbox 639 1899 849 1992; x_wconf 85' lang='lat' dir='ltr'><strong>sacrilegum</strong></span> <span class='ocrx_word' id='word_1_75' title='bbox 868 1896 1111 1992; x_wconf 78' lang='lat' dir='ltr'><strong>homicidam,</strong></span> <span class='ocrx_word' id='word_1_76' title='bbox 1132 1896 1267 1973; x_wconf 70' lang='lat' dir='ltr'><strong>Wiltsl·</strong></span> 
     </span>
     <span class='ocr_line' id='line_1_13' title="bbox 200 2010 1269 2108; baseline 0.004 -24"><span class='ocrx_word' id='word_1_77' title='bbox 200 2038 302 2085; x_wconf 94' lang='lat' dir='ltr'><strong>mum</strong></span> <span class='ocrx_word' id='word_1_78' title='bbox 324 2013 370 2084; x_wconf 88' lang='lat' dir='ltr'><strong>de</strong></span> <span class='ocrx_word' id='word_1_79' title='bbox 396 2013 613 2085; x_wconf 80' lang='lat' dir='ltr'><strong>Aremberclr</strong></span> <span class='ocrx_word' id='word_1_80' title='bbox 622 2017 646 2105; x_wconf 89' lang='lat'><strong>¹,</strong></span> <span class='ocrx_word' id='word_1_81' title='bbox 673 2039 710 2086; x_wconf 88' lang='lat' dir='ltr'><strong>se</strong></span> <span class='ocrx_word' id='word_1_82' title='bbox 735 2012 922 2086; x_wconf 86' lang='lat' dir='ltr'><strong>habituros</strong></span> <span class='ocrx_word' id='word_1_83' title='bbox 948 2010 1199 2108; x_wconf 82' lang='lat' dir='ltr'><strong>confidebant,</strong></span> <span class='ocrx_word' id='word_1_84' title='bbox 1229 2038 1269 2088; x_wconf 76' lang='lat' dir='ltr'><strong>sc·</strong></span> 
     </span>
     <span class='ocr_line' id='line_1_14' title="bbox 200 2129 597 2225; baseline -0.003 -23"><span class='ocrx_word' id='word_1_85' title='bbox 200 2131 354 2202; x_wconf 81' lang='lat' dir='ltr'><strong>maxime</strong></span> <span class='ocrx_word' id='word_1_86' title='bbox 373 2129 597 2225; x_wconf 83' lang='lat' dir='ltr'><strong>jactitabant.</strong></span> 
     </span>
    </p>

    <p class='ocr_par' dir='ltr' id='par_1_8' title="bbox 201 2244 1265 2461">
     <span class='ocr_line' id='line_1_15' title="bbox 250 2244 1265 2341; baseline 0.002 -27"><span class='ocrx_word' id='word_1_87' title='bbox 250 2249 283 2314; x_wconf 89' lang='lat' dir='ltr'><strong>ls</strong></span> <span class='ocrx_word' id='word_1_88' title='bbox 299 2270 383 2315; x_wconf 89' lang='lat' dir='ltr'><strong>curn</strong></span> <span class='ocrx_word' id='word_1_89' title='bbox 407 2259 499 2316; x_wconf 88' lang='lat' dir='ltr'><strong>esset</strong></span> <span class='ocrx_word' id='word_1_90' title='bbox 524 2246 693 2318; x_wconf 86' lang='lat' dir='ltr'><strong>vassallus</strong></span> <span class='ocrx_word' id='word_1_91' title='bbox 718 2262 754 2319; x_wconf 87' lang='lat' dir='ltr'><strong>et</strong></span> <span class='ocrx_word' id='word_1_92' title='bbox 772 2247 932 2341; x_wconf 86' lang='lat' dir='ltr'><strong>homagii</strong></span> <span class='ocrx_word' id='word_1_93' title='bbox 956 2260 1181 2318; x_wconf 85' lang='lat' dir='ltr'><strong>sacramento</strong></span> <span class='ocrx_word' id='word_1_94' title='bbox 1203 2244 1265 2317; x_wconf 92' lang='lat' dir='ltr'><strong>ob·</strong></span> 
     </span>
     <span class='ocr_line' id='line_1_16' title="bbox 201 2360 1265 2461; baseline 0.004 -31"><span class='ocrx_word' id='word_1_95' title='bbox 201 2360 342 2431; x_wconf 87' lang='lat' dir='ltr'><strong>strictus</strong></span> <span class='ocrx_word' id='word_1_96' title='bbox 369 2360 519 2432; x_wconf 92' lang='lat' dir='ltr'><strong>domino</strong></span> <span class='ocrx_word' id='word_1_97' title='bbox 552 2385 619 2432; x_wconf 91' lang='lat' dir='ltr'><strong>suo</strong></span> <span class='ocrx_word' id='word_1_98' title='bbox 654 2377 761 2457; x_wconf 85' lang='lat' dir='ltr'><strong>atque</strong></span> <span class='ocrx_word' id='word_1_99' title='bbox 793 2360 956 2461; x_wconf 87' lang='lat' dir='ltr'><strong>pontifici</strong></span> <span class='ocrx_word' id='word_1_100' title='bbox 983 2362 1155 2460; x_wconf 78' lang='lat' dir='ltr'><strong>episcopo</strong></span> <span class='ocrx_word' id='word_1_101' title='bbox 1177 2366 1265 2434; x_wconf 89' lang='lat' dir='ltr'><strong>Leo-</strong></span> 
     </span>
    </p>

    <p class='ocr_par' dir='ltr' id='par_1_9' title="bbox 152 2475 1283 3506">
     <span class='ocr_line' id='line_1_17' title="bbox 152 2475 1265 2576; baseline 0.002 -30"><span class='ocrx_word' id='word_1_102' title='bbox 152 2526 154 2531; x_wconf 83' lang='lat'>·</span> <span class='ocrx_word' id='word_1_103' title='bbox 201 2475 348 2564; x_wconf 77' lang='lat' dir='ltr'><strong>diemi’,</strong></span> <span class='ocrx_word' id='word_1_104' title='bbox 365 2475 489 2569; x_wconf 86' lang='lat' dir='ltr'><strong>abeo,</strong></span> <span class='ocrx_word' id='word_1_105' title='bbox 515 2491 661 2574; x_wconf 84' lang='lat' dir='ltr'><strong>propter</strong></span> <span class='ocrx_word' id='word_1_106' title='bbox 678 2478 846 2576; x_wconf 86' lang='lat' dir='ltr'><strong>perfidias</strong></span> <span class='ocrx_word' id='word_1_107' title='bbox 869 2502 912 2549; x_wconf 85' lang='lat' dir='ltr'><strong>ac</strong></span> <span class='ocrx_word' id='word_1_108' title='bbox 931 2477 1149 2576; x_wconf 84' lang='lat' dir='ltr'><strong>proditorias</strong></span> <span class='ocrx_word' id='word_1_109' title='bbox 1165 2477 1265 2548; x_wconf 93' lang='lat' dir='ltr'><strong>moli·</strong></span> 
     </span>
     <span class='ocr_line' id='line_1_18' title="bbox 201 2596 1265 2697; baseline 0.005 -30"><span class='ocrx_word' id='word_1_110' title='bbox 201 2597 317 2667; x_wconf 90' lang='lat' dir='ltr'><strong>tiones</strong></span> <span class='ocrx_word' id='word_1_111' title='bbox 343 2596 379 2666; x_wconf 92' lang='lat' dir='ltr'><strong>in</strong></span> <span class='ocrx_word' id='word_1_112' title='bbox 398 2621 454 2688; x_wconf 88' lang='lat' dir='ltr'><strong>se,</strong></span> <span class='ocrx_word' id='word_1_113' title='bbox 474 2596 663 2669; x_wconf 92' lang='lat' dir='ltr'><strong>dominum</strong></span> <span class='ocrx_word' id='word_1_114' title='bbox 684 2625 811 2691; x_wconf 88' lang='lat' dir='ltr'><strong>suum,</strong></span> <span class='ocrx_word' id='word_1_115' title='bbox 830 2600 1004 2697; x_wconf 86' lang='lat' dir='ltr'><strong>pluraque</strong></span> <span class='ocrx_word' id='word_1_116' title='bbox 1019 2597 1090 2670; x_wconf 86' lang='lat' dir='ltr'><strong>alia</strong></span> <span class='ocrx_word' id='word_1_117' title='bbox 1107 2599 1265 2672; x_wconf 84' lang='lat' dir='ltr'><strong>enormia</strong></span> 
     </span>
     <span class='ocr_line' id='line_1_19' title="bbox 201 2693 1283 2812; baseline 0.002 -29"><span class='ocrx_word' id='word_1_118' title='bbox 201 2714 351 2784; x_wconf 88' lang='lat' dir='ltr'><strong>crimina</strong></span> <span class='ocrx_word' id='word_1_119' title='bbox 367 2715 390 2804; x_wconf 76' lang='lat'><strong>⁸,</strong></span> <span class='ocrx_word' id='word_1_120' title='bbox 408 2712 455 2785; x_wconf 90' lang='lat' dir='ltr'><strong>ab</strong></span> <span class='ocrx_word' id='word_1_121' title='bbox 470 2712 784 2812; x_wconf 87' lang='lat' dir='ltr'><strong>eodem-episcopo</strong></span> <span class='ocrx_word' id='word_1_122' title='bbox 801 2716 1020 2812; x_wconf 87' lang='lat' dir='ltr'><strong>proscriptus</strong></span> <span class='ocrx_word' id='word_1_123' title='bbox 1038 2737 1081 2785; x_wconf 92' lang='lat' dir='ltr'><strong>ac</strong></span> <span class='ocrx_word' id='word_1_124' title='bbox 1098 2712 1265 2786; x_wconf 86' lang='lat' dir='ltr'><strong>bannitus</strong></span> <span class='ocrx_word' id='word_1_125' title='bbox 1279 2693 1283 2703; x_wconf 51' lang='grc'><strong>’</strong></span> 
     </span>
     <span class='ocr_line' id='line_1_20' title="bbox 202 2815 1265 2923; baseline 0.002 -23"><span class='ocrx_word' id='word_1_126' title='bbox 202 2831 316 2902; x_wconf 89' lang='lat' dir='ltr'><strong>suerat</strong></span> <span class='ocrx_word' id='word_1_127' title='bbox 342 2831 386 2903; x_wconf 93' lang='lat' dir='ltr'><strong>de</strong></span> <span class='ocrx_word' id='word_1_128' title='bbox 404 2844 480 2901; x_wconf 91' lang='lat' dir='ltr'><strong>toto</strong></span> <span class='ocrx_word' id='word_1_129' title='bbox 506 2830 670 2902; x_wconf 90' lang='lat' dir='ltr'><strong>dominio</strong></span> <span class='ocrx_word' id='word_1_130' title='bbox 692 2815 778 2923; x_wconf 84' lang='lat' dir='ltr'><strong>suo,</strong></span> <span class='ocrx_word' id='word_1_131' title='bbox 800 2845 836 2902; x_wconf 89' lang='lat' dir='ltr'><strong>et</strong></span> <span class='ocrx_word' id='word_1_132' title='bbox 860 2832 931 2902; x_wconf 92' lang='lat' dir='ltr'><strong>hoc</strong></span> <span class='ocrx_word' id='word_1_133' title='bbox 955 2831 1212 2901; x_wconf 88' lang='lat' dir='ltr'><strong>cumconsilio</strong></span> <span class='ocrx_word' id='word_1_134' title='bbox 1233 2843 1265 2902; x_wconf 86' lang='lat' dir='ltr'><strong>et</strong></span> 
     </span>
     <span class='ocr_line' id='line_1_21' title="bbox 201 2945 1261 3045; baseline 0 -29"><span class='ocrx_word' id='word_1_135' title='bbox 201 2969 347 3017; x_wconf 88' lang='lat' dir='ltr'><strong>assensu</strong></span> <span class='ocrx_word' id='word_1_136' title='bbox 362 2945 541 3018; x_wconf 90' lang='lat' dir='ltr'><strong>nobilium</strong></span> <span class='ocrx_word' id='word_1_137' title='bbox 556 2960 593 3018; x_wconf 88' lang='lat' dir='ltr'><strong>et</strong></span> <span class='ocrx_word' id='word_1_138' title='bbox 608 2949 772 3018; x_wconf 91' lang='lat' dir='ltr'><strong>Statuum</strong></span> <span class='ocrx_word' id='word_1_139' title='bbox 784 2949 893 3019; x_wconf 89' lang='lat' dir='ltr'><strong>totius</strong></span> <span class='ocrx_word' id='word_1_140' title='bbox 909 2948 1030 3045; x_wconf 62' lang='lat' dir='ltr'><strong>patriae</strong></span> <span class='ocrx_word' id='word_1_141' title='bbox 1049 2947 1261 3017; x_wconf 75' lang='lat' dir='ltr'><strong>leodiensis.</strong></span> 
     </span>
     <span class='ocr_line' id='line_1_22' title="bbox 204 3063 1266 3162; baseline 0.003 -31"><span class='ocrx_word' id='word_1_142' title='bbox 204 3065 291 3148; x_wconf 86' lang='lat' dir='ltr'><strong>Quae</strong></span> <span class='ocrx_word' id='word_1_143' title='bbox 311 3087 394 3134; x_wconf 92' lang='lat' dir='ltr'><strong>cum</strong></span> <span class='ocrx_word' id='word_1_144' title='bbox 415 3063 491 3157; x_wconf 88' lang='lat' dir='ltr'><strong>ejus</strong></span> <span class='ocrx_word' id='word_1_145' title='bbox 511 3063 672 3134; x_wconf 86' lang='lat' dir='ltr'><strong>animum</strong></span> <span class='ocrx_word' id='word_1_146' title='bbox 699 3063 949 3160; x_wconf 91' lang='lat' dir='ltr'><strong>hujuscemodi</strong></span> <span class='ocrx_word' id='word_1_147' title='bbox 968 3063 1183 3162; x_wconf 87' lang='lat' dir='ltr'><strong>proscriptio</strong></span> <span class='ocrx_word' id='word_1_148' title='bbox 1211 3086 1266 3134; x_wconf 87' lang='lat' dir='ltr'><strong>ve·</strong></span> 
     </span>
     <span class='ocr_line' id='line_1_23' title="bbox 203 3176 1266 3274; baseline 0.003 -29"><span class='ocrx_word' id='word_1_149' title='bbox 203 3176 388 3249; x_wconf 85' lang='lat' dir='ltr'><strong>hementer</strong></span> <span class='ocrx_word' id='word_1_150' title='bbox 404 3192 542 3268; x_wconf 84' lang='lat' dir='ltr'><strong>ureret,</strong></span> <span class='ocrx_word' id='word_1_151' title='bbox 561 3203 713 3274; x_wconf 88' lang='lat' dir='ltr'><strong>eamque</strong></span> <span class='ocrx_word' id='word_1_152' title='bbox 729 3180 910 3274; x_wconf 75' lang='lat' dir='ltr'><strong>aegerrime</strong></span> <span class='ocrx_word' id='word_1_153' title='bbox 933 3178 1057 3266; x_wconf 86' lang='lat' dir='ltr'><strong>ferret,</strong></span> <span class='ocrx_word' id='word_1_154' title='bbox 1076 3203 1152 3249; x_wconf 92' lang='lat' dir='ltr'><strong>non</strong></span> <span class='ocrx_word' id='word_1_155' title='bbox 1171 3179 1266 3274; x_wconf 84' lang='lat' dir='ltr'><strong>igno</strong></span> 
     </span>
     <span class='ocr_line' id='line_1_24' title="bbox 203 3291 1264 3390; baseline 0.002 -29"><span class='ocrx_word' id='word_1_156' title='bbox 203 3308 296 3363; x_wconf 87' lang='lat' dir='ltr'><strong>raret</strong></span> <span class='ocrx_word' id='word_1_157' title='bbox 307 3294 413 3365; x_wconf 88' lang='lat' dir='ltr'><strong>etiam</strong></span> <span class='ocrx_word' id='word_1_158' title='bbox 426 3293 734 3390; x_wconf 85' lang='lat' dir='ltr'><strong>quemadmodum</strong></span> <span class='ocrx_word' id='word_1_159' title='bbox 747 3299 967 3365; x_wconf 83' lang='lat' dir='ltr'><strong>Francorum</strong></span> <span class='ocrx_word' id='word_1_160' title='bbox 980 3308 1106 3385; x_wconf 81' lang='lat' dir='ltr'><strong>rex,ut</strong></span> <span class='ocrx_word' id='word_1_161' title='bbox 1116 3291 1264 3365; x_wconf 85' lang='lat' dir='ltr'><strong>liberum</strong></span> 
     </span>
     <span class='ocr_line' id='line_1_25' title="bbox 203 3406 1266 3506; baseline 0.002 -31"><span class='ocrx_word' id='word_1_162' title='bbox 203 3407 240 3476; x_wconf 91' lang='lat' dir='ltr'><strong>in</strong></span> <span class='ocrx_word' id='word_1_163' title='bbox 258 3406 484 3480; x_wconf 86' lang='lat' dir='ltr'><strong>Brabantiam</strong></span> <span class='ocrx_word' id='word_1_164' title='bbox 504 3422 540 3480; x_wconf 90' lang='lat' dir='ltr'><strong>et</strong></span> <span class='ocrx_word' id='word_1_165' title='bbox 566 3423 677 3481; x_wconf 87' lang='lat' dir='ltr'><strong>terras</strong></span> <span class='ocrx_word' id='word_1_166' title='bbox 695 3410 884 3481; x_wconf 86' lang='lat' dir='ltr'><strong>comitatus</strong></span> <span class='ocrx_word' id='word_1_167' title='bbox 907 3409 1180 3500; x_wconf 87' lang='lat' dir='ltr'><strong>Namurcensis,</strong></span> <span class='ocrx_word' id='word_1_168' title='bbox 1206 3430 1266 3506; x_wconf 90' lang='lat' dir='ltr'><strong>per</strong></span> 
     </span>
    </p>

    <p class='ocr_par' dir='ltr' id='par_1_10' title="bbox 124 3525 1264 3624">
     <span class='ocr_line' id='line_1_26' title="bbox 124 3525 1264 3624; baseline 0.003 -30"><span class='ocrx_word' id='word_1_169' title='bbox 124 3568 128 3578; x_wconf 88' lang='lat'><strong>·</strong></span> <span class='ocrx_word' id='word_1_170' title='bbox 202 3538 313 3595; x_wconf 86' lang='lat' dir='ltr'><strong>terras</strong></span> <span class='ocrx_word' id='word_1_171' title='bbox 336 3525 495 3622; x_wconf 87' lang='lat' dir='ltr'><strong>episcopi</strong></span> <span class='ocrx_word' id='word_1_172' title='bbox 519 3525 744 3619; x_wconf 83' lang='lat' dir='ltr'><strong>Leodiemis,</strong></span> <span class='ocrx_word' id='word_1_173' title='bbox 770 3553 855 3599; x_wconf 87' lang='lat' dir='ltr'><strong>suus</strong></span> <span class='ocrx_word' id='word_1_174' title='bbox 873 3528 1048 3600; x_wconf 86' lang='lat' dir='ltr'><strong>exercitus</strong></span> <span class='ocrx_word' id='word_1_175' title='bbox 1072 3528 1264 3624; x_wconf 84' lang='lat' dir='ltr'><strong>ingressum</strong></span> 
     </span>
    </p>
   </div>
   <div class='ocr_carea' id='block_1_8' title="bbox 202 3730 1265 4281">
    <p class='ocr_par' dir='ltr' id='par_1_11' title="bbox 245 3730 1026 3808">
     <span class='ocr_line' id='line_1_27' title="bbox 245 3730 1026 3808; baseline 0.006 -21"><span class='ocrx_word' id='word_1_176' title='bbox 245 3734 272 3787; x_wconf 89' lang='lat' dir='ltr'><strong>l.</strong></span> <span class='ocrx_word' id='word_1_177' title='bbox 296 3730 430 3808; x_wconf 86' lang='lat' dir='ltr'><strong>Chapitre</strong></span> <span class='ocrx_word' id='word_1_178' title='bbox 443 3730 575 3808; x_wconf 72' lang='lat' dir='ltr'><strong>imprime</strong></span> <span class='ocrx_word' id='word_1_179' title='bbox 591 3731 662 3789; x_wconf 80' lang='lat' dir='ltr'><strong>dans</strong></span> <span class='ocrx_word' id='word_1_180' title='bbox 675 3731 880 3808; x_wconf 79' lang='lat' dir='ltr'><strong>l&#39;Amplissima</strong></span> <span class='ocrx_word' id='word_1_181' title='bbox 893 3737 1026 3792; x_wconf 81' lang='lat' dir='ltr'><strong>collectio.</strong></span> 
     </span>
    </p>

    <p class='ocr_par' dir='ltr' id='par_1_12' title="bbox 202 3824 1264 3998">
     <span class='ocr_line' id='line_1_28' title="bbox 243 3824 1264 3905; baseline 0.001 -24"><span class='ocrx_word' id='word_1_182' title='bbox 243 3827 273 3885; x_wconf 76' lang='lat'><strong>2.</strong></span> <span class='ocrx_word' id='word_1_183' title='bbox 295 3824 457 3883; x_wconf 87' lang='lat' dir='ltr'><strong>Guillaume</strong></span> <span class='ocrx_word' id='word_1_184' title='bbox 476 3824 511 3882; x_wconf 84' lang='lat' dir='ltr'><strong>de</strong></span> <span class='ocrx_word' id='word_1_185' title='bbox 527 3831 568 3883; x_wconf 87' lang='lat' dir='ltr'><strong>La</strong></span> <span class='ocrx_word' id='word_1_186' title='bbox 585 3826 698 3897; x_wconf 74' lang='lat' dir='ltr'><strong>Marci,</strong></span> <span class='ocrx_word' id='word_1_187' title='bbox 717 3839 812 3884; x_wconf 91' lang='lat' dir='ltr'><strong>comte</strong></span> <span class='ocrx_word' id='word_1_188' title='bbox 825 3826 1026 3905; x_wconf 84' lang='lat' dir='ltr'><strong>d&#39;llremberg,</strong></span> <span class='ocrx_word' id='word_1_189' title='bbox 1045 3826 1179 3905; x_wconf 83' lang='lat' dir='ltr'><strong>seigneur</strong></span> <span class='ocrx_word' id='word_1_190' title='bbox 1192 3825 1264 3885; x_wconf 79' lang='lat' dir='ltr'><strong>d‘si-</strong></span> 
     </span>
     <span class='ocr_line' id='line_1_29' title="bbox 202 3919 1213 3998; baseline 0.001 -22"><span class='ocrx_word' id='word_1_191' title='bbox 202 3931 353 3995; x_wconf 87' lang='lat' dir='ltr'><strong>gremont‚</strong></span> <span class='ocrx_word' id='word_1_192' title='bbox 370 3919 536 3977; x_wconf 83' lang='lat' dir='ltr'><strong>sumomme&#39;</strong></span> <span class='ocrx_word' id='word_1_193' title='bbox 552 3924 581 3976; x_wconf 87' lang='lat' dir='ltr'><strong>la</strong></span> <span class='ocrx_word' id='word_1_194' title='bbox 593 3919 688 3977; x_wconf 73' lang='lat' dir='ltr'><strong>Barba</strong></span> <span class='ocrx_word' id='word_1_195' title='bbox 701 3933 729 3978; x_wconf 89' lang='lat' dir='ltr'><strong>et</strong></span> <span class='ocrx_word' id='word_1_196' title='bbox 742 3924 768 3975; x_wconf 83' lang='lat' dir='ltr'><strong>Ie</strong></span> <span class='ocrx_word' id='word_1_197' title='bbox 785 3923 878 3998; x_wconf 80' lang='lat' dir='ltr'><strong>grand</strong></span> <span class='ocrx_word' id='word_1_198' title='bbox 890 3925 1018 3997; x_wconf 80' lang='lat' dir='ltr'><strong>sanglier</strong></span> <span class='ocrx_word' id='word_1_199' title='bbox 1034 3922 1055 3974; x_wconf 91' lang='lat' dir='ltr'><strong>d</strong></span> <span class='ocrx_word' id='word_1_200' title='bbox 1059 3921 1213 3977; x_wconf 64' lang='lat' dir='ltr'><strong>&#39;Ardentem</strong></span> 
     </span>
    </p>

    <p class='ocr_par' dir='ltr' id='par_1_13' title="bbox 203 4010 1265 4186">
     <span class='ocr_line' id='line_1_30' title="bbox 244 4010 1265 4091; baseline -0.002 -22"><span class='ocrx_word' id='word_1_201' title='bbox 244 4016 271 4072; x_wconf 85' lang='lat'><strong>3.</strong></span> <span class='ocrx_word' id='word_1_202' title='bbox 297 4012 383 4070; x_wconf 91' lang='lat' dir='ltr'><strong>Louis</strong></span> <span class='ocrx_word' id='word_1_203' title='bbox 407 4013 444 4071; x_wconf 89' lang='lat' dir='ltr'><strong>de</strong></span> <span class='ocrx_word' id='word_1_204' title='bbox 466 4011 601 4071; x_wconf 89' lang='lat' dir='ltr'><strong>Bourbon</strong></span> <span class='ocrx_word' id='word_1_205' title='bbox 620 4013 718 4071; x_wconf 84' lang='lat' dir='ltr'><strong>l&#39;avait</strong></span> <span class='ocrx_word' id='word_1_206' title='bbox 734 4013 793 4091; x_wconf 89' lang='lat' dir='ltr'><strong>pris</strong></span> <span class='ocrx_word' id='word_1_207' title='bbox 811 4033 886 4091; x_wconf 92' lang='lat' dir='ltr'><strong>pour</strong></span> <span class='ocrx_word' id='word_1_208' title='bbox 899 4012 1047 4070; x_wconf 78' lang='lat' dir='ltr'><strong>mainhonr</strong></span> <span class='ocrx_word' id='word_1_209' title='bbox 1062 4033 1101 4071; x_wconf 93' lang='lat' dir='ltr'><strong>ou</strong></span> <span class='ocrx_word' id='word_1_210' title='bbox 1121 4013 1215 4070; x_wconf 71' lang='lat' dir='ltr'><strong>avone</strong></span> <span class='ocrx_word' id='word_1_211' title='bbox 1232 4010 1265 4068; x_wconf 79' lang='lat' dir='ltr'><strong>dc</strong></span> 
     </span>
     <span class='ocr_line' id='line_1_31' title="bbox 203 4107 1028 4186; baseline 0.006 -22"><span class='ocrx_word' id='word_1_212' title='bbox 203 4127 254 4164; x_wconf 83' lang='lat' dir='ltr'><strong>son</strong></span> <span class='ocrx_word' id='word_1_213' title='bbox 271 4107 378 4165; x_wconf 61' lang='lat' dir='ltr'><strong>&amp;viche</strong></span> <span class='ocrx_word' id='word_1_214' title='bbox 392 4107 492 4186; x_wconf 90' lang='lat' dir='ltr'><strong>depuis</strong></span> <span class='ocrx_word' id='word_1_215' title='bbox 505 4108 532 4165; x_wconf 88' lang='lat' dir='ltr'><strong>la</strong></span> <span class='ocrx_word' id='word_1_216' title='bbox 548 4121 623 4165; x_wconf 86' lang='lat' dir='ltr'><strong>mort</strong></span> <span class='ocrx_word' id='word_1_217' title='bbox 635 4107 672 4165; x_wconf 80' lang='lat' dir='ltr'><strong>de</strong></span> <span class='ocrx_word' id='word_1_218' title='bbox 685 4108 801 4167; x_wconf 82' lang='lat' dir='ltr'><strong>Charles</strong></span> <span class='ocrx_word' id='word_1_219' title='bbox 814 4109 843 4166; x_wconf 86' lang='lat' dir='ltr'><strong>le</strong></span> <span class='ocrx_word' id='word_1_220' title='bbox 855 4107 1028 4169; x_wconf 71' lang='lat' dir='ltr'><strong>Temeraire.</strong></span> 
     </span>
    </p>

    <p class='ocr_par' dir='ltr' id='par_1_14' title="bbox 244 4202 1116 4281">
     <span class='ocr_line' id='line_1_32' title="bbox 244 4202 1116 4281; baseline 0.002 -20"><span class='ocrx_word' id='word_1_221' title='bbox 244 4207 272 4262; x_wconf 81' lang='grc' dir='ltr'><strong>ι.</strong></span> <span class='ocrx_word' id='word_1_222' title='bbox 296 4207 383 4265; x_wconf 83' lang='lat' dir='ltr'><strong>Eutre</strong></span> <span class='ocrx_word' id='word_1_223' title='bbox 397 4217 493 4262; x_wconf 85' lang='lat' dir='ltr'><strong>autres</strong></span> <span class='ocrx_word' id='word_1_224' title='bbox 505 4203 679 4262; x_wconf 84' lang='lat' dir='ltr'><strong>l&#39;assassinat</strong></span> <span class='ocrx_word' id='word_1_225' title='bbox 693 4203 731 4261; x_wconf 91' lang='lat' dir='ltr'><strong>du</strong></span> <span class='ocrx_word' id='word_1_226' title='bbox 746 4203 908 4262; x_wconf 77' lang='lat' dir='ltr'><strong>chancolier</strong></span> <span class='ocrx_word' id='word_1_227' title='bbox 923 4202 959 4261; x_wconf 89' lang='lat' dir='ltr'><strong>de</strong></span> <span class='ocrx_word' id='word_1_228' title='bbox 973 4203 1116 4281; x_wconf 74' lang='lat' dir='ltr'><strong>leveque.</strong></span> 
     </span>
    </p>
   </div>
   <div class='ocr_carea' id='block_1_9' title="bbox 0 0 1482 5070">
    <p class='ocr_par' dir='ltr' id='par_1_15' title="bbox 0 0 1482 5070">
     <span class='ocr_line' id='line_1_33' title="bbox 0 0 1482 5070; baseline 0 0"><span class='ocrx_word' id='word_1_229' title='bbox 0 0 1482 5070; x_wconf 95' lang='lat' dir='ltr'><strong> </strong></span> 
     </span>
    </p>
   </div>
  </div>
 </body>
</html>
