2946 5070
568 500 678 556 LIBER
699 500 887 557 SEPTIMUS.
1197 501 1256 558 tat

247 637 328 704 llaec
360 629 506 728 quidem
536 627 737 701 adulatores
764 628 881 700 dicere
911 644 1128 727 potuerunt,
1156 627 1259 728 [sicut

198 748 247 847 et]
267 747 409 846 «impio
427 774 435 818 ε
453 746 568 843 justus
580 769 639 836 es3
657 769 749 842 quos
762 747 889 818 merito
906 744 1119 818 maledicent
1134 747 1259 844 populi

198 879 234 936 et
246 862 515 936 detestabuntur
525 860 638 932 tribus
653 891 685 953 »3
699 885 782 933 nam
799 885 921 933 revera
932 860 1134 933 volentibus
1145 885 1259 957 agno·

198 1006 296 1055 scere
322 995 358 1053 et
381 980 481 1052 lateri
503 981 704 1072 veritatem,
737 979 835 1050 nulla
867 976 1010 1051 suberat
1041 977 1259 1051 rationabilis

111 1125 119 1132 ·
199 1119 305 1170 causa
320 1111 465 1196 propter
487 1120 595 1192 quam
612 1119 762 1191 regnum
783 1096 888 1183 illud,
907 1094 1092 1193 quondam
1116 1093 1260 1166 nobilis·

199 1214 349 1300 simum,
384 1213 518 1308 atejus
547 1211 676 1283 accolae
697 1212 803 1283 tantis
829 1213 959 1283 militiae
984 1225 1019 1283 et
1045 1211 1259 1284 tributorum

199 1327 417 1425 ponderibus
432 1328 613 1422 aggravari
636 1326 807 1398 deberent
824 1353 832 1397 ι
857 1328 1013 1426 primum
1025 1328 1110 1424 quia
1125 1326 1259 1398 anullo

198 1443 359 1515 humano
379 1442 498 1532 hoste,
518 1443 554 1514 in
569 1467 643 1539 quo
659 1442 856 1540 quidquam
871 1443 1100 1516 humanitatis
1116 1445 1257 1534 inesset,

199 1559 344 1629 saeviora
365 1573 521 1632 metuere
545 1574 728 1656 poterant,
752 1583 861 1657 quam
886 1563 984 1656 quae'
1010 1583 1031 1630 a
1062 1583 1127 1631 suo
1159 1583 1257 1654 rege,

200 1673 272 1745 imo
286 1688 440 1769 tyranno
450 1674 705 1761 crudelissimo,
718 1675 937 1771 iniquissime
951 1674 1257 1773 perpetiebantur;

199 1789 260 1886 qui
277 1813 339 1860 eos
360 1790 406 1861 ad
431 1803 567 1862 tantam
592 1791 769 1862 miseriam
791 1790 852 1861 tali
875 1813 939 1861 sua
963 1790 1150 1886 tyrannide
1173 1815 1260 1888 per-

199 1903 369 1993 duxerat,
400 1920 441 1975 ut
475 1906 533 1976 vix
567 1907 746 1977 numerari
774 1905 910 2003 possint
943 1906 1068 2002 populi
1098 1931 1189 2002 quos
1217 1932 1259 1976 ex

199 2020 404 2116 hujusmodi
422 2045 486 2093 sna
503 2022 687 2118 iniquitate
703 2021 919 2119 profligarit'
934 2037 969 2091 et
984 2021 1030 2093 ad
1046 2034 1181 2093 exteras
1203 2045 1263 2093 na·

199 2137 331 2226 tiones,
357 2139 464 2209 etiam
486 2137 649 2227 hostiles,
668 2151 709 2207 ut
731 2150 784 2208 est
800 2117 950 2231 regnum
968 2137 1116 2231 Angliae,
1143 2138 1261 2231 sugere

155 2300 158 2307 -
199 2254 374 2348 coegerit,
399 2267 504 2348 atque
531 2252 622 2324 same
644 2265 679 2323 et
701 2252 851 2349 penuria
876 2253 1049 2348 variisque
1073 2252 1156 2323 inde
1173 2275 1261 2322 con·

199 2369 318 2439 tractis
339 2367 605 2465 aegritudinibus
625 2366 777 2439 deficere
794 2382 830 2438 et
842 2371 978 2466 perire,
999 2369 1066 2440 illis
1086 2370 1262 2467 praecipue

199 2485 344 2558 duobus
367 2487 471 2559 annis
503 2500 585 2559 ante
616 2485 756 2558 obitum
781 2478 905 2576 suum,
933 2484 1064 2582 quibus
1095 2509 1262 2581 agrorum

199 2602 380 2673 sterilitate
400 2600 509 2673 sames
530 2600 793 2687 validanGallias
812 2625 912 2697 paene
927 2603 1108 2673 universas
1123 2602 1258 2673 afflixit.

200 2719 288 2804 Quae
302 2718 512 2789 miserorum
526 2718 786 2813 regnicolarum
803 2717 941 2812 flagella
954 2733 1059 2814 atque
1074 2718 1167 2789 mala
1179 2744 1262 2790 cum

201 2831 268 2904 sibi
285 2832 518 2924 reserrentur,
538 2848 577 2903 ut
591 2833 748 2929 aliquam
767 2832 1014 2928 impositarum
1034 2833 1262 2904 collectarum

202 2948 405 3044 portionem
429 2951 640 3037 remitteret,
668 2970 734 3018 nec
759 2971 872 3017 unum
894 2946 1082 3018 denarium
1106 2947 1263 3020 relaxan-

202 3061 418 3134 mmmm.

546 3341 801 3411 CAPlTULUM
826 3345 916 3411 XlV.

462 3524 500 3575 De
515 3522 670 3578 fortitudine
685 3538 710 3577 et
727 3525 877 3578 strenuitate
888 3523 1015 3596 ejusdem.

255 3689 308 3757 Dc
331 3686 535 3758 fortitudine
555 3713 640 3760 vero
663 3688 762 3761 locus
783 3692 952 3789 exposcit,
974 3705 1013 3762 ut
1027 3691 1131 3767 etiarn
1151 3692 1264 3787 qualis

208 3801 243 3871 in
271 3825 315 3872 eo
336 3805 521 3894 enituerit,
545 3804 786 3877 discutiamus.
814 3807 920 3903 Cujus
944 3808 1104 3904 prolecto
1135 3809 1163 3879 si
1191 3809 1263 3878 vim

208 3931 441 4015 naturamque
458 3920 735 4013 consideremus,
754 3922 842 3993 nihil
856 3922 948 3993 illius
963 3923 1176 3994 excellentia
1192 3924 1262 3994 vir·

247 4133 276 4190 1.
295 4132 351 4191 Ms.
364 4134 474 4207 quodq.

247 4225 277 4280 2.
300 4225 355 4281 Ms.
364 4226 559 4302 profligarint.
