2946 5070
588 466 700 523 usus
724 465 915 539 semmua.
1212 469 1269 529 ¹39

203 611 431 685 remanente,
458 611 500 667 ut
522 621 587 695 per
611 596 706 671 dies¹
728 596 775 673 de
801 597 1030 672 reformanda
1057 613 1093 671 et
1112 602 1271 674 reconci-

202 714 327 787 lianda
345 739 435 813 pace
457 714 575 787 nullus
600 739 719 788 sermo
735 717 877 814 penitus
889 715 1093 789 haberetur.
1117 719 1271 792 Retinuit

202 846 325 906 autem
351 833 427 931 ipse
450 833 523 906 dux
549 831 853 908 domicellum‘de
877 835 985 907 Clivis
1006 835 1206 933 captivum,
1235 852 1272 910 et

202 949 405 1023 Gerardum
427 947 692 1046 Zondenbalcle,
714 949 1025 1047 burgimngistrum
1034 955 1057 1045 ¹,
1082 977 1197 1027 unum
1226 981 1269 1030 ex

201 1065 342 1141 civibus
356 1068 420 1164 qui
438 1091 477 1140 se
493 1067 591 1165 apud
608 1091 710 1159 eum,
736 1082 777 1140 ut
800 1068 1019 1165 praemissum
1038 1083 1109 1162 est,
1127 1068 1271 1147 obsides

200 1183 473 1255 constituerant.
499 1184 657 1257 Fuerunt
679 1197 800 1257 tamen
830 1183 893 1280 qui
913 1181 1074 1256 dicerent
1100 1185 1269 1281 injustum

201 1297 311 1371 titisse
327 1322 391 1370 eos
406 1300 457 1371 sic
472 1300 644 1390 retinere,
665 1322 732 1372 nec
749 1300 964 1398 promissam
979 1301 1030 1372 eis
1045 1302 1269 1379 securitatem

200 1413 270 1487 rite
287 1413 393 1487 fuisse
414 1429 603 1489 servatam.
630 1414 756 1504 Quod,
777 1416 840 1513 qui
863 1414 901 1488 in
921 1431 1086 1490 neutram
1109 1432 1266 1516 partem,

200 1529 267 1603 sed
283 1529 456 1626 justitiam
475 1531 659 1604 dumtaxat
674 1529 933 1621 alliciebantur,
955 1533 1055 1605 aliter
1078 1558 1152 1606 esse
1177 1559 1269 1610 esse·

200 1644 344 1720 rebant.
383 1651 541 1720 Fuerunt
564 1648 672 1721 etiam
701 1647 763 1744 qui
798 1647 959 1721 dicerent
987 1674 1054 1749 per
1082 1650 1269 1748 predictos

199 1787 239 1845 et
262 1771 453 1845 dominum
476 1772 523 1845 de
549 1774 730 1871 Montsort
750 1771 994 1845 machinatum
1018 1772 1122 1847 fuisse
1143 1772 1269 1850 dolum

199 1898 240 1973 in
254 1897 466 1996 principem,
486 1920 608 1995 quem,
624 1899 657 1968 si
672 1896 851 1969 civitatem
866 1922 950 1969 curn
964 1897 1024 1970 illu
1039 1922 1149 1971 manu
1167 1900 1269 1974 dum·

200 2030 299 2088 taxat
323 2039 432 2112 quam
457 2026 698 2114 poposcerant
727 2011 849 2086 luisset
874 2015 1069 2110 ingressus,
1098 2018 1268 2114 appositis

200 2130 343 2204 occulte
377 2131 416 2203 in
448 2131 553 2202 certis
584 2128 720 2201 aedibus
754 2129 910 2218 insidiis,
944 2122 1202 2206 circumuenire
1232 2150 1268 2209 et

199 2247 377 2348 perimere
393 2270 477 2319 cum
493 2247 565 2319 suis
583 2244 821 2318 decrevissent
840 2275 849 2317 ι
868 2247 931 2344 qui
948 2247 1053 2318 dolus
1069 2271 1091 2320 a
1107 2248 1267 2345 quodam

200 2365 383 2462 transfuga
406 2387 492 2435 cum
517 2362 670 2461 principi
697 2361 818 2435 lirisset
852 2363 1051 2454 nuntiatus,
1080 2364 1268 2461 praedictos

198 2479 294 2552 duos
306 2482 456 2576 jusserat
466 2478 626 2575 captivos
639 2477 809 2551 asservari
825 2491 861 2550 et
870 2478 908 2549 in
922 2502 1101 2551 carcerem
1115 2479 1263 2551 recludi.

249 2595 348 2684 Quid
363 2608 484 2667 autem
495 2592 541 2666 de
553 2593 611 2666 his
623 2593 743 2691 potius
758 2617 884 2665 verum
900 2593 975 2666 sore
986 2593 1207 2667 credendum
1223 2597 1267 2668 sit

198 2710 356 2787 diffinire
371 2735 447 2782 non
463 2709 720 2809 presumimus,
740 2708 839 2806 quod
851 2733 926 2781 nou
942 2710 1025 2783 satis
1041 2727 1266 2809 compertum

199 2827 390 2903 habemus.
409 2830 438 2898 Α
453 2826 637 2898 nonnullis
651 2825 749 2897 enim
760 2826 823 2918 sic,
836 2823 883 2898 ab
897 2824 975 2897 aliis
987 2825 1088 2899 aliter
1100 2851 1156 2900 res
1172 2844 1267 2924 gesta

199 2944 308 3018 finisse
323 2944 547 3018 narrabatur.
572 2946 718 3015 Certum
743 2956 884 3014 tantum
906 2956 978 3034 est,
1002 2958 1084 3040 post
1105 2943 1267 3041 hujusce·

199 3063 302 3137 modi
329 3074 537 3134 attentatam
557 3060 857 3159 expugnationem
877 3073 913 3130 et
936 3058 1187 3156 praedictnrum
1203 3063 1265 3137 de·

198 3182 412 3271 tentionem,
431 3179 580 3274 longum
597 3175 643 3248 de
658 3199 746 3274 pace
760 3177 939 3248 silentium
955 3176 1150 3271 duravisse,
1166 3195 1202 3253 et
1218 3182 1265 3255 ad

199 3319 302 3371 erma
330 3309 366 3365 et
387 3293 529 3365 hostilia
558 3290 813 3390 adparamenta
837 3291 991 3363 reditum
1014 3293 1194 3367 exstitisse.
1220 3297 1265 3366 lli

199 3413 298 3486 enim
315 3411 377 3508 qui
392 3408 525 3481 obsessi
538 3422 654 3500 erant,
670 3408 751 3480 loca
766 3404 946 3505 inquibus
960 3409 1053 3480 muri
1065 3409 1172 3482 diruti
1188 3410 1263 3484 sue·

200 3543 295 3620 rant,
314 3524 501 3623 aggeribus
513 3539 549 3596 et
564 3524 740 3623 repagulis
757 3523 904 3619 aliisque
918 3522 1182 3621 impedimentis
1196 3527 1264 3601 sar-

200 3645 375 3719 ciebant⁸.
399 3643 471 3731 Qui
494 3666 580 3713 vero
602 3643 687 3713 foris
712 3640 924 3738 adjacebant
944 3666 964 3712 e
989 3641 1129 3715 diverso
1151 3668 1264 3716 novas

200 3777 335 3834 struere
356 3757 541 3832 machinas
564 3773 599 3828 et
621 3757 764 3830 balistas
788 3781 927 3856 parare,
948 3757 1077 3853 quibus
1096 3775 1212 3831 turres
1227 3774 1263 3832 et

201 3877 334 3952 moenia
350 3874 471 3948 denuo
487 3887 730 3974 quaterentur.

241 4039 272 4099 l.
294 4024 396 4098 uetita
407 4039 516 4111 aliquot
525 3996 612 4093 dies:

241 4135 273 4192 2.
294 4133 341 4191 Sic
353 4129 523 4201 hahens,
536 4125 814 4204 burgimsgr'stmmm
828 4123 902 4187 dans
915 4125 944 4186 le
955 4144 1010 4189 ms.

244 4228 275 4287 8.
295 4228 343 4286 Sis
354 4242 410 4287 a.
426 4236 456 4284 et
466 4221 627 4284 hubent.
642 4220 790 4284 1³02stth
801 4220 971 4284 metam.
