2946 5070
200 466 259 522 256
387 479 394 490 ·
617 463 824 532 aeonoots,

202 595 310 689 (ultra
325 619 367 667 ea
389 620 467 693 quae
490 594 689 688 retulimus)
717 594 912 690 gravissimi
932 593 1106 692 ponderis
1128 597 1266 666 censeri

201 709 321 802 debet,
336 737 419 782 cum
437 736 518 783 eum
538 709 667 782 talibus
679 678 898 805 indulgentia
905 723 946 783 et
961 709 1145 781 favoribus
1162 711 1266 783 luisse

201 828 248 901 ab
280 827 404 900 illustri
444 827 739 924 Burgundionum
767 828 859 899 duce
892 842 1081 926 exceptum
1114 828 1268 924 genitori

201 945 277 1042 ejus
299 946 372 1041 regi
400 946 552 1017 maxime
578 960 614 1017 et
639 968 739 1043 paene
763 941 1034 1041 implacabiliter
1065 941 1268 1041 displiceret

200 1078 237 1135 et
261 1063 336 1159 ejus
362 1064 630 1158 magnanimum
652 1046 813 1135 a'nimum
835 1059 1064 1132 vehementer
1087 1059 1264 1152 inureret,

199 1194 306 1276 atque
316 1178 363 1250 ad
378 1178 502 1250 odium
515 1192 551 1250 et
564 1178 759 1250 vindictam
773 1176 940 1249 adversus
955 1175 1123 1249 eumdem
1136 1173 1266 1247 ducem

201 1294 429 1386 accenderet,
448 1320 522 1365 non
540 1309 659 1366 tamen
683 1294 801 1375 adhuc
822 1294 941 1391 ipsum
962 1292 1059 1365 idem
1081 1291 1157 1362 dux
1181 1297 1266 1362 Bur·

200 1400 361 1509 gtmdiae,
377 1409 459 1482 licet
475 1435 550 1482 non
558 1409 703 1506 absque
720 1412 828 1483 totius
843 1411 897 1483 sui
914 1400 1024 1482 status
1039 1407 1263 1502 discrimine,

200 1526 297 1626 apud
313 1551 349 1597 se
365 1527 402 1597 in
429 1527 527 1598 omni
553 1551 636 1598 eum
664 1526 811 1622 honore·
826 1540 862 1597 et
888 1524 1115 1598 observantia
1133 1522 1267 1596 habere

200 1645 344 1717 destitit.
374 1647 418 1714 Et
439 1658 640 1742 postremo,
666 1645 825 1740 genitore
852 1643 960 1719 eliam
986 1632 1070 1739 ejus‘
1085 1665 1169 1736 rege
1196 1642 1267 1712 vita

200 1760 336 1851 functo,
357 1785 441 1831 cum
457 1758 577 1858 plures
590 1783 631 1830 ex
647 1757 871 1854 magnatibus
887 1773 924 1830 et
940 1755 1153 1856 proceribus
1169 1757 1267 1852 regni

199 1875 310 1947 alium
325 1875 373 1948 ad
389 1874 556 1948 diadema
569 1875 707 1971 regium
721 1873 899 1969 surrogari
910 1889 947 1949 et
958 1872 1138 1963 substitui,
1158 1897 1267 1971 quam

199 1991 337 2088 ipsum,
361 1992 533 2093 Karolum
557 1990 721 2065 videlicet
738 2016 947 2088 germanum
969 1989 1140 2064 libentius
1163 1990 1268 2063 vidis·

199 2123 290 2199 sent,
309 2107 500 2179 formidine
516 2121 623 2204 atque
635 2120 735 2179 metu
747 2108 913 2204 potentiae
929 2122 966 2180 et
979 2108 1111 2181 virium
1122 2131 1267 2181 eomm-

199 2222 284 2296 dem
316 2225 505 2296 illustrium
535 2222 740 2323 principum
771 2223 1069 2321 Burgundionum
1093 2198 1265 2324 depressi,

200 2362 326 2410 omnes
360 2339 621 2431 conticuerunt,
662 2353 697 2411 et
730 2338 880 2437 pacifico
912 2355 958 2419 et,
980 2338 1105 2440 quieto
1144 2342 1266 2414 animo

199 2451 335 2545 eidem,
358 2469 530 2552 tanquam
554 2479 621 2526 suo
642 2454 735 2551 regi,
762 2478 886 2553 parere
911 2468 1023 2553 atque
1036 2455 1189 2530 obedire
1204 2482 1266 2530 cu·

200 2575 358 2641 rarunt¹.

564 2824 819 2896 CAPITULUM
843 2827 904 2896 tv.

537 3001 578 3054 De
594 2999 687 3055 eadem
701 3001 793 3055 adhue
805 3001 925 3066 materia.

247 3185 349 3254 Hanc
373 3183 491 3278 itaque
506 3198 642 3256 tantam
666 3184 775 3255 totius
799 3185 898 3280 regni
918 3184 1161 3281 pacationem,
1184 3183 1267 3257 sub-

198 3296 271 3368 lato
295 3297 357 3368 illo
378 3297 498 3369 medio
520 3299 653 3396 pariete
671 3302 799 3372 veteris
815 3299 1115 3372 inimicitiaeinter
1132 3301 1267 3395 regiam

199 3414 350 3485 domum
373 3429 407 3485 et
427 3414 571 3485 illustris
599 3415 893 3510 Burgundionum
911 3415 1028 3502 ducis,
1052 3416 1119 3513 qui
1138 3416 1267 3489 unitati

199 3544 235 3601 et
259 3529 461 3601 concordiae
483 3531 591 3603 totius
620 3519 860 3603 illustrissimae
888 3536 1110 3606 Francorum
1135 3530 1270 3604 domus
1345 3518 1348 3525 λ

198 3645 295 3716 solus
308 3644 417 3743 paulo
433 3659 515 3717 ante
531 3643 701 3718 obsistere
713 3644 912 3734 videbatur,
932 3647 1162 3719 anteoculos
1182 3647 1267 3718 novi

199 3786 285 3842 tunc
306 3772 397 3865 regis
421 3769 656 3856 adducentes,
680 3769 747 3840 sibi
770 3769 893 3842 libello
914 3768 1097 3842 antedicto
1115 3768 1267 3842 suadere

201 3886 414 3978 nitebamur,
437 3875 584 3958 minime
609 3901 686 3957 tum
711 3910 803 3984 opus
830 3886 905 3958 sore
929 3886 1030 3983 quod
1057 3901 1198 3960 tantam
1222 3885 1268 3958 ad

199 4003 374 4102 stipendia
395 4002 577 4076 ordinaria
600 4003 763 4078 militiam
783 4002 970 4093 retineret3
989 4003 1140 4074 minime
1158 4004 1268 4076 etiam

245 4215 272 4272 l.
293 4212 338 4271 Cf.
355 4208 480 4280 Histoire
491 4208 532 4287 du
545 4211 634 4287 regne
647 4208 685 4267 de
696 4167 782 4267 Louis
795 4213 854 4282 XI,
871 4211 892 4269 1.
910 4214 985 4284 l‚c.
998 4231 1021 4270 r.
