2946 5070
578 498 688 555 stultit
709 499 913 556 SECUNDUS.
1225 501 1277 556 :titt

218 634 290 707 boc
316 633 398 706 idco
416 631 583 704 duximus
612 629 816 704 faciendum
845 645 886 702 ut
911 645 1124 727 agnoscant,
1152 631 1284 729 quibus

218 765 346 823 nostrie
374 747 584 821 secessionis
610 761 718 845 atque
751 748 1010 846 persecutionis
1039 747 1130 820 ratio
1163 748 1284 822 minus

217 880 401 966 perspecta
412 865 529 956 fuerit,
550 890 597 937 ne
612 880 745 937 temere
762 887 805 935 ac
819 862 921 938 facile
937 864 983 937 ad
993 863 1233 962 judicandum
1247 880 1284 939 et

216 980 465 1055 damnandum
489 980 590 1076 quod
613 1004 676 1053 eos
704 980 789 1052 latet
815 980 1019 1080 prosiliant,
1053 1005 1120 1054 nos
1147 978 1283 1078 absquo

212 1099 347 1195 justitia
358 1112 394 1171 et
406 1099 496 1194 juris
512 1096 639 1169 ordine
654 1098 918 1195 persecutiones
936 1121 1011 1169 non
1028 1097 1189 1171 modicas
1205 1123 1283 1198 per·

215 1215 353 1309 tulisse,
372 1212 694 1312 improborumque
723 1226 760 1285 et
783 1213 979 1312 impiorum
1002 1214 1193 1288 bominum
1217 1239 1282 1289 ca-

213 1330 373 1422 lumniis,
398 1328 491 1402 dolis
513 1343 619 1426 atque
643 1328 820 1401 violentiis
844 1343 922 1403 toto
946 1354 1078 1428 reguo,
1108 1331 1223 1429 patria
1246 1346 1283 1404 et

212 1446 361 1520 ecclesia
375 1447 510 1545 pulsos,
527 1461 564 1518 et
581 1443 728 1518 tandem
747 1444 853 1517 nobis
875 1445 922 1518 ad
945 1446 1060 1544 ipsam
1079 1446 1281 1520 revertendi

212 1564 313 1636 omni
333 1587 480 1662 prorsus
500 1562 664 1636 facultate
685 1575 825 1658 negata,
845 1560 928 1633 licet
952 1561 1091 1658 magnis
1106 1577 1141 1634 et
1161 1563 1282 1636 multis

210 1678 504 1752 intercessoribus
516 1675 698 1770 adhibitis,
721 1701 802 1750 eam
824 1701 965 1776 semper
980 1678 1144 1752 obtinere
1159 1680 1280 1755 conati

210 1796 398 1888 fuerimus,
414 1818 499 1868 cum
512 1794 588 1892 jam
607 1794 653 1868 de
669 1794 926 1892 consequendo
944 1794 1154 1869 humanitus
1170 1821 1281 1870 reme-

210 1911 272 1984 dio
289 1911 388 1984 nulla
403 1935 484 2009 spes
496 1911 618 1984 relicta
632 1910 825 2006 videretur,
842 1910 890 1984 ad
907 1909 946 1983 id
959 1911 1163 1985 faciendum
1179 1910 1277 2010 quod

209 2030 347 2127 egimus
364 2029 469 2101 fuisse
485 2027 705 2128 compulsos.

258 2145 398 2217 Scimus
411 2145 642 2244 quamplures
661 2169 737 2218 esse
761 2144 823 2242 qui
843 2168 972 2247 pmum
990 2145 1215 2219 attendentes
1228 2145 1278 2220 ad

207 2274 425 2359 praeceptum
439 2260 643 2355 salvatoris,
658 2285 732 2358 quo
747 2261 906 2360 praecipit
925 2289 934 2333 ε
954 2291 971 2326 α
989 2261 1104 2334 Nolite
1113 2260 1276 2360 judicare

207 2390 244 2449 et
254 2400 331 2448 non
340 2374 605 2470 judicabimini,
621 2391 656 2448 et
673 2377 782 2449 nolite
795 2377 1038 2451 condemnare
1053 2391 1089 2449 et
1101 2402 1175 2449 non
1189 2402 1276 2452 con·

207 2490 480 2585 demnabimini,
501 2520 519 2561 n
541 2491 641 2588 cujus
660 2494 768 2566 etiarn
788 2491 977 2594 Apostolus
1001 2491 1204 2575 doctrinam
1219 2510 1274 2570 at·

206 2631 276 2704 que
293 2608 552 2680 institutionem
570 2623 763 2704 assecutus,
782 2609 944 2681 similiter
958 2609 1142 2708 praecipit:
1162 2640 1180 2676 α
1199 2613 1275 2685 Νο-

205 2724 266 2796 lite
289 2740 372 2798 ante
396 2740 538 2823 tempus
553 2724 729 2821 judicare,
747 2739 834 2817 etc.,
860 2754 877 2794 rr
901 2724 1001 2798 facile
1024 2725 1273 2824 proximorum

205 2841 298 2914 sacta
325 2840 524 2938 dijudicent
552 2869 561 2910 ι
588 2839 669 2912 duri
688 2855 725 2913 et
746 2865 869 2938 graves
894 2841 1094 2915 alienomm
1120 2865 1272 2941 operum

204 2981 383 3048 censores,
409 2971 445 3028 et
461 2956 632 3029 festucam
648 2957 685 3030 in
703 2957 810 3031 oculo
826 2958 981 3057 proximi
1003 2959 1268 3058 perspicientes,

204 3095 288 3144 cum
299 3072 510 3172 plerumque
525 3071 664 3146 trabem
686 3074 723 3145 in
740 3075 813 3147 suis
826 3074 981 3173 propriis
999 3071 1272 3146 minimeatten-

203 3188 312 3281 dant;
330 3190 451 3285 magni
471 3212 550 3286 quae
570 3213 635 3262 sua
649 3204 733 3262 sunt
748 3188 1004 3289 appendentes,
1022 3188 1124 3262 facile
1139 3190 1272 3288 suggil-

202 3304 315 3377 lantes
339 3303 467 3376 nliena.
499 3304 562 3376 His
587 3303 752 3398 dicimus,
781 3307 855 3377 imo
875 3305 937 3402 qui
959 3304 996 3375 in
1019 3328 1085 3376 suo
1106 3306 1270 3404 apostolo

202 3420 417 3517 loquebatur
429 3422 593 3495 Salvator
610 3436 753 3495 noster:
774 3425 861 3493 «Tu
878 3421 958 3520 quis
971 3445 1021 3515 es,
1036 3421 1100 3518 qui
1112 3422 1270 3496 alienum

196 3537 337 3635 judicas
358 3538 529 3609 servum?
558 3541 631 3610 Suo
648 3538 799 3611 domino
822 3553 891 3611 stat
913 3553 975 3611 aut
999 3538 1117 3629 cadit3
1142 3555 1270 3637 potens

201 3668 255 3726 est
270 3654 368 3726 enim
391 3658 487 3726 Deus
511 3652 612 3727 illum
639 3669 808 3747 statuere3
831 3686 849 3723 >r
869 3668 904 3727 et
924 3653 1036 3728 alibi:
1059 3685 1077 3723 n
1097 3657 1269 3730 Conside-

201 3795 322 3843 rans»
353 3771 470 3868 inquit
495 3801 513 3841 «
541 3788 576 3844 te
604 3769 742 3885 ipsum,
768 3798 815 3846 ne
838 3788 874 3847 et
902 3787 941 3845 tu
964 3775 1128 3863 tenteris;
1159 3805 1177 3841 r
1208 3801 1270 3848 eos

201 3888 436 3961 nibilominus
471 3889 639 3977 obnixius
672 3891 865 3988 rogitantes
899 3904 1006 3987 atque
1033 3891 1270 3989 imprecantes

200 4019 254 4097 ut,
276 4005 403 4102 inquo
422 3990 582 4078 humana
599 3998 719 4078 forsan
742 4004 948 4079 infirmitate
970 4030 1038 4077 nos
1055 4029 1188 4078 errasse
1204 4029 1268 4079 au·

200 4133 352 4208 fumant,
379 4143 446 4191 nos
467 4121 539 4191 suis
563 4120 631 4218 piis
651 4119 697 4192 ad
719 4124 836 4192 Deutn
859 4119 1178 4220 supplicationibus
1200 4136 1271 4194 stu·

199 4236 308 4310 deant
340 4237 510 4333 adjurare
542 4235 811 4338 propitiumque
840 4261 925 4310 eum
954 4234 1060 4308 nobis
1092 4235 1206 4310 facere
1235 4252 1271 4309 et
