2946 5070
527 953 920 1063 APOLOGIA.

201 1254 308 1291 meten·
323 1232 484 1292 ”nondun
498 1257 528 1293 tn
544 1256 705 1296 Irotoomt
721 1259 833 1312 raon,
848 1259 1055 1299 Alcmaeon
1072 1260 1261 1313 cesaattttste,

259 1379 383 1417 enatare
401 1378 524 1416 mscoet
546 1379 748 1434 naxovntttm,
772 1381 809 1419 ID
821 1382 961 1431 Quum!
979 1382 1091 1421 maun
1109 1384 1195 1423 SUUH·

252 1672 397 1766 Rogavit
412 1695 478 1741 nos
493 1673 620 1744 caritas
633 1686 707 1763 tua,
722 1669 923 1743 dulcissime
935 1669 972 1740 in
985 1669 1126 1741 Christo
1140 1671 1259 1765 frater,

201 1795 257 1872 ut,
282 1781 442 1853 lraternae
459 1783 714 1855 consolationis
732 1782 843 1879 gratia
859 1795 964 1878 atque
983 1783 1260 1875 exercitationis,

200 1898 323 1969 litteris
353 1898 511 1991 digerere
534 1899 705 1970 vellemus
729 1913 857 1970 nostrae
879 1922 1003 1969 causas
1022 1913 1129 1995 atque
1150 1924 1264 1970 excu-

199 2015 354 2087 sationes
374 2031 447 2086 tam
469 2017 672 2112 longinquae
692 2017 986 2115 peregrinationis
1006 2031 1059 2108 et,
1080 2032 1118 2088 ut
1138 2019 1263 2114 vulgus

199 2131 370 2202 aestimare
395 2131 501 2221 solet,
526 2132 658 2223 exsilii3
686 2133 892 2205 occasiones
912 2154 1056 2228 quoque
1078 2147 1113 2203 et
1137 2133 1264 2205 condi·

200 2240 316 2311 tiones
329 2241 556 2329 earumdem;
573 2241 678 2312 simul
693 2242 800 2314 ctiam
819 2239 951 2338 quibus
967 2242 1151 2337 adjutoriis
1168 2241 1260 2336 freti,
1352 2294 1361 2313 .

200 2352 331 2450 quibus
343 2353 457 2455 Ipnixi
473 2353 623 2442 auxiliis,
638 2352 726 2445 lraec,
745 2376 825 2449 quae
839 2353 1041 2425 communis
1058 2353 1262 2424 mortalium

200 2468 389 2541 hominum
404 2468 528 2567 opinio
541 2470 760 2561 calamitosa,
777 2461 867 2541 dura
883 2483 918 2540 et
930 2493 1055 2567 aspera
1065 2469 1176 2557 ducit,
1189 2484 1262 2541 tarn

199 2585 275 2656 late
285 2600 320 2657 et
330 2585 487 2681 jucunde
498 2584 577 2681 (uti,
588 2584 653 2655 Dei
663 2585 821 2657 donante
831 2585 1087 2673 misericordia,
1101 2585 1264 2681 facimus)

199 2699 1023 2797 perferrepotuerimusetpossimus.Cumenim
1032 2699 1263 2773 deterrimum

200 2817 382 2887 infortunii
410 2841 520 2911 genus
545 2817 588 2885 sit
615 2815 719 2885 fuisse
745 2812 900 2905 felicem,
928 2828 963 2885 et
986 2814 1198 2911 aliquando,
1224 2841 1263 2888 re

200 2946 322 3003 nostra
333 2931 504 3002 incolumi
519 2945 554 3000 et
569 2931 706 3024 integra
719 2929 954 3026 amplitudine
965 2943 1072 3025 atque
1082 2928 1263 3002 affluentia

200 3049 449 3147 temporalium
468 3072 588 3117 rerum
608 3071 679 3142 prae
699 3045 818 3115 multis
836 3045 977 3136 similis,
994 3059 1033 3115 ut
1055 3059 1177 3117 nostra
1195 3061 1260 3136 est,

199 3165 446 3263 prolessionis,
469 3188 490 3235 a
508 3162 670 3261 plurimis
687 3161 803 3273 felices
824 3161 898 3233 sore
910 3174 1135 3258 putaremur,
1156 3185 1263 3257 aqua

199 3281 326 3378 dilapsi
341 3296 376 3352 et
390 3280 497 3353 alieni
510 3279 679 3350 laetiense
693 3278 909 3367 rideremur,
922 3301 1031 3374 quam
1047 3279 1167 3375 plures
1178 3278 1262 3350 inde

199 3414 381 3496 permotos
391 3412 425 3468 et
437 3395 592 3493 quadam
607 3394 715 3465 veluti
732 3394 968 3465 admiratione
984 3418 1174 3491 suspensos
1187 3419 1262 3466 esse

199 3516 282 3585 satis
295 3513 485 3603 credimus,
498 3536 569 3608 qua
582 3512 634 3581 vel
648 3511 835 3581 occasione
850 3535 912 3581 seu
926 3533 1045 3598 causa,
1063 3510 1181 3607 priore
1196 3535 1263 3582 nos

200 3630 382 3701 deserente
409 3629 569 3719 lortona,
600 3628 637 3698 in
659 3627 754 3698 hanc
777 3627 922 3698 dimersi
948 3652 1091 3718 sumus,
1116 3638 1262 3723 quoque

198 3746 254 3816 vel
272 3744 442 3836 consiliu,
463 3758 568 3842 pacto
584 3767 646 3813 seu
670 3742 848 3837 adjutorio
870 3742 965 3812 harro
985 3742 1065 3812 vitae
1082 3766 1204 3812 cursus
1227 3756 1262 3812 et

200 3863 349 3933 lortunae
377 3861 612 3931 mutationem
638 3859 811 3956 patienter
835 3873 870 3930 et
890 3882 993 3954 aequo
1024 3858 1146 3931 animo
1172 3858 1262 3929 serre

199 3979 248 4050 ita
266 3979 453 4076 possimus.
483 3982 613 4046 Verum
634 3989 749 4045 tuaene
767 3975 920 4046 caritatis
942 3973 1118 4045 desiderio
1136 3973 1173 4044 in
1191 3972 1262 4045 hoc

199 4089 416 4181 satisfacere,
443 4089 516 4179 vel,
536 4087 664 4158 humili
679 4087 798 4183 potius
817 4086 1044 4157 excusatione
1063 4098 1258 4181 praetensa,

198 4205 245 4278 ab
268 4205 473 4304 hujusmodi
496 4202 674 4277 scribendi
705 4202 825 4275 officio
858 4202 1036 4275 conticere
1065 4215 1099 4271 et
1137 4225 1262 4274 vacare
