2946 5070
590 472 701 531 unua
727 470 877 531 uulnus.
1208 469 1267 529 200

258 604 414 677 Perfecta
425 628 511 679 vero
522 618 629 699 atque
641 604 804 702 expedita
814 603 1002 700 legatione,
1019 618 1054 674 et
1069 601 1187 691 rebus,
1201 629 1268 700 pro

207 718 338 815 quibus
363 721 458 790 missi
487 744 644 808 eramus,
671 719 718 791 ad
738 721 828 815 regis
851 719 1021 793 mittentis
1049 719 1268 791 voluntatem

205 835 364 932 expletis,
380 836 448 905 laeti
465 849 658 932 utcumque
672 843 707 905 et
719 833 864 923 alacres,
881 841 1073 931 sperantes,
1089 833 1269 931 obsequiis

205 965 242 1022 et
256 949 440 1023 laboribus
458 950 668 1081 perfunctis,
696 949 909 1022 nonnullam
933 948 1029 1048 apud
1050 974 1170 1046 regem
1192 973 1270 1045 gra·

205 1066 292 1137 tiam
309 1067 539 1175 conquisiisse
555 1080 660 1164 atque
675 1065 835 1161 invenire
849 1064 991 1154 debere,
1016 1066 1269 1198 Perpipianum

205 1179 387 1271 rediimus,
407 1180 489 1253 licet
502 1207 546 1254 ex
556 1168 680 1254 labore
696 1195 732 1251 et
733 1174 950 1279 fatigatione
964 1203 1006 1252 ac
1018 1178 1124 1252 variis
1134 1181 1270 1253 incom-

206 1295 437 1368 moditatibus
465 1295 545 1370 lassi
580 1296 775 1396 plurimum
801 1310 908 1397 atque
935 1295 1071 1368 alterati
1099 1320 1265 1367 essemus

204 1412 283 1483 Jam
300 1436 384 1485 sane
402 1411 689 1485 existimabamus
712 1412 852 1484 nullum
872 1412 1004 1485 debere
1026 1411 1131 1487 nobis
1154 1411 1269 1484 obsta-

205 1529 326 1600 culum
350 1554 529 1637 superesse
543 1529 748 1628 quominus,
767 1528 902 1601 utendo
915 1546 1083 1602 concessa
1101 1529 1271 1601 nobisre·

204 1643 364 1716 vertendi
393 1634 559 1736 licentia,
589 1644 651 1715 illa
671 1642 817 1716 torrida
847 1657 883 1715 et
913 1641 1270 1741 intemperantissima

202 1759 350 1854 regione
345 1756 530 1850 relicta,
519 1782 559 1830 ιιι
569 1758 725 1889 aliam,
715 1784 752 1829 m
770 1780 842 1867 qua
857 1773 910 1829 est
925 1773 960 1830 et
976 1758 1185 1831 clementius
1202 1784 1271 1832 coe·

202 1871 279 1945 lum
304 1886 340 1943 et
357 1871 535 1945 salubrior
556 1896 630 1966 aer,
652 1873 811 1972 migrare
833 1872 951 1944 laxato
975 1862 1098 1943 exsilio
1124 1868 1270 1944 debere·

203 2014 294 2062 mus.
315 1990 449 2087 Atqui
440 2005 568 2061 iterum
588 1990 685 2063 illico
708 1988 813 2062 nobis
834 1988 1088 2087 Perpiuianum
1104 1987 1265 2077 reversis,

202 2131 269 2207 pro
286 2131 345 2196 ea,
370 2124 479 2202 quam
497 2107 784 2216 speraveramus,
805 2105 942 2198 laetitia,
968 2105 1068 2207 ompi
1093 2105 1269 2177 anxietate

201 2224 309 2323 atque
319 2224 484 2297 moestitia
495 2225 643 2324 plenum
658 2210 907 2321 hujuscemodi
924 2222 970 2295 ad
985 2246 1052 2295 nos
1066 2221 1161 2293 illico
1176 2247 1269 2293 nun·

202 2341 292 2415 tium
320 2340 507 2413 defertur:
499 2340 626 2475 ·quod
655 2340 804 2431 scilicet,
831 2337 1107 2439 procurantibus
1134 2336 1269 2410 aemulls

202 2443 426 2557 quibusdam
443 2473 550 2554 atque
574 2457 727 2537 inimicis
752 2457 895 2547 nostris,
918 2480 980 2526 rex
996 2454 1163 2526 nuntium
1184 2458 1268 2524 cum

201 2570 359 2675 epistolis
380 2585 416 2641 et
445 2571 623 2644 mandatis
650 2571 838 2670 proprium
861 2568 1106 2677 expediverat,
1139 2567 1268 2666 quibus

202 2684 308 2759 nobis
321 2710 476 2758 recessus
488 2712 533 2758 ex
544 2687 604 2771 illa
613 2688 729 2800 patria
740 2710 886 2798 prorsus
895 2683 1119 2757 inhiberetur
1122 2698 1263 2781 ,atque,

201 2826 230 2873 si
220 2801 360 2874 inde
347 2826 424 2899 Jam
441 2801 737 2892 discessissemus,
760 2816 800 2873 ut
818 2800 880 2873 illo
897 2814 1035 2871 mature
1052 2799 1264 2892 rediremus,

202 2921 302 2990 omni
318 2919 546 2991 excusatione
560 2919 704 3016 rejecta,
722 2914 973 2991 mandabatur

250 3038 331 3122 Quo
348 3035 471 3107 audito
485 3035 626 3124 nuntio,
645 3049 764 3108 tantus
778 3059 846 3106 nos
859 3056 993 3106 moeror
1006 3032 1133 3124 tenuit,
1149 3046 1267 3105 tantus

200 3150 316 3229 luctus
336 3165 443 3250 atque
461 3176 586 3249 pavor,
607 3163 646 3220 ut
661 3150 823 3249 prolecto
839 3162 938 3248 paene
957 3149 1062 3219 luerit
1081 3149 1169 3246 quin
1190 3145 1266 3247 ipsa

200 3282 319 3356 nocte,
349 3287 421 3367 qua
441 3292 485 3338 ex
504 3266 600 3340 dicta
620 3266 796 3366 legatione
820 3267 1074 3365 Perpiuianum
1096 3266 1267 3367 applicui-

201 3406 280 3455 mus
306 3399 342 3455 et
365 3385 542 3455 nuntium
558 3372 806 3481 hujuscemodi
829 3384 1047 3481 accepimus,
1066 3406 1137 3482 prae
1154 3384 1265 3457 animi

200 3498 340 3570 tristitia
355 3513 391 3569 et
412 3524 565 3572 moerore
582 3499 827 3590 defecerimus,
855 3524 938 3570 cum
962 3499 1110 3597 Sapiens
1128 3498 1164 3569 id
1188 3497 1264 3570 lieri

200 3638 303 3719 posse
323 3629 455 3686 asserat
471 3617 627 3713 quod
586 3648 603 3682 ι
618 3643 655 3688 rn
672 3642 826 3689 moerore
839 3617 950 3687 animi
964 3617 1107 3716 spiritus
1120 3617 1264 3719 dejicia·
1279 3682 1280 3686 ,

199 3743 270 3815 tur.
296 3759 314 3797 u
332 3718 551 3821 Videbamus
568 3734 701 3832 quippe
713 3733 807 3829 jam,
824 3758 900 3811 non
915 3732 1027 3813 modo
1041 3732 1165 3807 exsilio
1180 3756 1261 3825 nos,

198 3844 261 3917 sed
277 3860 313 3917 et
327 3845 424 3918 velut
439 3862 611 3945 perpetua
626 3851 827 3948 captivitate
843 3850 1043 3938 damnatos,
1062 3863 1168 3945 atque
1185 3863 1263 3923 tan·

198 3982 308 4055 quam
320 3961 356 4031 in
374 3960 483 4057 glob'o
500 3963 621 4063 aliqu'o
638 3964 860 4037 fervidissimi
872 3966 963 4062 ignis
974 3965 1011 4035 in
1025 3964 1084 4036 illa
1095 3977 1264 4037 estuante

198 4090 341 4151 et‘tosta
359 4079 505 4174 regione
522 4077 705 4157 devinctos
722 4096 758 4153 et
777 4081 928 4177 ligatos:
950 4103 1028 4179 quae
1047 4102 1154 4180 poena
1169 4078 1262 4150 dici·

199 4206 256 4263 tur
268 4190 458 4290 spirituum
472 4194 726 4285 damnaturum
741 4197 899 4285 maxima·
912 4211 1020 4295 atque
1033 4195 1218 4281 acerrima.
