2946 5070
585 478 694 532 LIBER
718 477 869 535 PRIMUS.
1202 477 1260 533 253

199 623 300 706 perta
323 604 542 700 habebatur„
560 607 658 704 quod
680 609 738 679 vix
764 608 810 680 ab
829 608 899 681 alio
922 608 1060 694 melius,
1080 632 1189 704 quam
1214 607 1261 681 ab

199 706 283 821 ipso'
294 722 512 813 audivimus,
530 723 686 805 enarrari
704 723 908 821 potuisset),
929 722 974 796 ad
992 722 1063 795 hoo
1083 747 1123 806 ex
1141 737 1263 795 nostra

199 840 490 938 percunctatione
509 838 609 912 tacite
625 839 847 929 devenimus,
866 839 967 936 quod
982 864 1024 911 ex
1041 840 1175 934 guerris
1189 853 1262 911 tam

199 954 362 1027 civilibus
379 979 489 1053 quam
505 953 709 1043 hostilibus,
730 953 860 1051 quibus
877 980 941 1053 per
959 979 1074 1026 annos
1091 954 1266 1053 plurimos

200 1087 274 1144 tota
304 1072 401 1167 regio
427 1085 591 1168 quassata
616 1087 650 1142 et
672 1071 790 1143 attrita
816 1070 899 1162 luit,
925 1094 1074 1165 regnum
1096 1069 1142 1142 ad
1166 1071 1264 1144 illam

200 1187 439 1283 miserandam
452 1189 687 1261 vastationem
704 1203 740 1260 et
755 1188 1007 1279 inanitionem,
1025 1188 1133 1284 etqui
1153 1188 1263 1259 relicti

200 1321 303 1378 eraut
327 1305 481 1404 populi,
496 1305 542 1377 ad
566 1321 702 1378 tantam
728 1305 935 1405 pauperiem
960 1304 1120 1376 devoluti
1147 1320 1261 1376 erant.

200 1424 290 1493 Nam
306 1436 346 1492 ut
362 1421 518 1493 bostium
540 1421 784 1513 invasionibus
804 1423 1039 1512 resisteretur,
1060 1421 1104 1492 de
1121 1445 1265 1493 eorum·

201 1560 270 1632 que
287 1520 473 1621 manibus,
497 1561 585 1633 quas
607 1539 714 1610 armis
734 1537 1019 1634 conquisierant,
1043 1551 1142 1608 terrae
1163 1562 1265 1609 recu-

200 1668 422 1750 perareutur,
443 1655 680 1726 necessarium
696 1653 808 1726 suerat
822 1653 976 1750 populos
989 1652 1087 1747 regni
1103 1651 1180 1745 haec
1192 1652 1265 1724 duo

200 1769 405 1863 gravissima
422 1769 527 1840 simul
550 1795 680 1862 onera,
699 1769 871 1843 tributum
900 1769 1032 1840 scilicet
1052 1783 1088 1841 et
1105 1769 1266 1843 militiam

201 1883 373 1974 tolerare3
405 1909 484 1980 quae
512 1885 716 1979 gravissima
741 1885 788 1957 ad
817 1885 1051 1966 tolerandum,
1070 1883 1265 1982 aliquando

201 1999 305 2071 luisse
320 2000 458 2099 populo
480 2003 642 2072 Romano
659 2000 861 2095 Sallustius,
889 2000 1019 2074 nobilis
1035 1999 1266 2096 historiogra-

201 2115 308 2214 phus,
341 2116 474 2189 scribit.
496 2122 537 2188 Et
567 2119 651 2216 quia
684 2133 761 2190 tum
793 2116 913 2190 hostili
946 2117 1161 2210 vastatione,
1190 2132 1266 2189 tum

201 2232 308 2304 etiam
324 2232 457 2306 militie
475 2235 575 2329 regni
598 2233 751 2305 mirabili
772 2230 1005 2306 dissolutione
1023 2248 1059 2306 et
1073 2232 1267 2332 indiscipli-

202 2349 348 2431 natione
368 2349 530 2447 plurimae
554 2350 653 2447 regni
672 2346 811 2422 nobiles
830 2350 1022 2448 provinciae
1047 2350 1190 2422 incultae
1212 2350 1267 2445 ja·

201 2462 351 2553 cebant,
369 2482 515 2565 eratque
536 2468 693 2567 populus
714 2466 848 2566 ubique
876 2467 1268 2543 mirabiliterimmiuu·

201 2595 276 2674 tus,
304 2607 434 2678 magna
457 2608 544 2656 vero
571 2584 718 2677 militia,
749 2598 896 2683 propter
919 2584 1079 2681 ingentes
1108 2582 1267 2665 hostium

201 2698 307 2790 vires,
326 2723 416 2797 opus
430 2700 476 2805 ad
493 2700 728 2772 resistendum
741 2701 931 2793 exstiterat,
950 2723 1093 2771 necesse
1108 2699 1268 2798 quodam

203 2813 313 2897 modo
328 2813 442 2886 suerat
457 2814 504 2887 ad
522 2812 729 2887 faciendum
744 2813 921 2912 stipendia
935 2811 1126 2907 militibus,
1145 2830 1185 2887 ut
1201 2814 1269 2912 ipsi

203 2928 250 3023 ad
267 2920 408 3002 debitos
433 2930 599 3002 ordinem
614 2944 650 3001 et
677 2929 903 3028 disciplinam
925 2956 969 3002 ex
992 2943 1092 3002 tanta
1114 2929 1266 3003 dissolu·

204 3045 302 3118 tione
318 3046 441 3120 reduci
456 3061 619 3146 possent,
637 3045 779 3117 relictos
790 3069 890 3117 raros
905 3061 941 3137 et
955 3047 1101 3140 exiguos
1113 3045 1269 3144 populos

204 3163 341 3258 magnis
355 3163 588 3236 collationum
604 3178 639 3235 et
652 3159 870 3263 tributorum
880 3159 1100 3260 ponderibus
1111 3163 1265 3234 onerari.

204 3281 248 3348 Et
266 3304 340 3350 uon
360 3277 472 3350 modo
489 3303 555 3377 pro
577 3277 825 3376 hujuscemodi
842 3277 973 3349 militie
995 3275 1178 3375 stipendiis
1201 3276 1269 3349 bu·

199 3394 360 3490 jusmodi
376 3419 487 3468 onera
513 3377 729 3467 tributorum
757 3394 896 3492 imponi
924 3408 1010 3464 tunc
1033 3396 1269 3466 necessarium

206 3508 339 3604 suerat,
356 3512 604 3585 verumetiam
635 3536 703 3610 pro
720 3511 856 3606 ingenti
872 3525 907 3580 et
936 3533 1047 3605 regno
1065 3510 1269 3604 gravissima

206 3630 679 3729 pensionumflmultitudiue,
697 3632 801 3702 variis
821 3645 898 3702 tum
917 3629 1138 3728 principibus
1153 3645 1189 3702 et
1203 3628 1269 3703 do·

206 3747 311 3818 minis
324 3740 513 3840 leprarum,
531 3762 570 3819 ut
585 3748 622 3818 in
637 3746 708 3819 tide
725 3731 854 3819 esitius
867 3747 1103 3818 retinerentur
1119 3771 1208 3819 neve
1223 3745 1270 3818 ad

206 3863 326 3936 hostes
336 3863 545 3957 deficerent,
564 3879 640 3935 tum
654 3863 846 3961 capitaneis
856 3888 897 3937 ac
913 3863 1087 3958 magistris
1097 3863 1267 3954 mititun,

208 3982 408 4064 tumeliam
428 3981 547 4053 multis
564 3982 641 4071 aliis
656 3981 705 4053 ob
728 3981 843 4054 varias
860 3980 1166 4078 multiformesque
1188 4005 1272 4053 cau·

207 4121 263 4170 sas
282 4098 568 4188 constitutarum,
593 4097 747 4195 populus
770 4099 870 4194 regni
898 4098 1095 4194 ingentium
1122 4097 1273 4172 tributo·

207 4237 290 4286 rum
301 4229 408 4312 atque
417 4214 641 4310 vectigalium
655 4213 833 4287 molestias
841 4212 1027 4314 tolerabat.
1043 4219 1113 4288 Pro
1124 4214 1267 4313 quibus,
