2946 5070
314 477 374 541 m
585 473 840 535 mmoaranuu
863 462 1039 533 tuocum
1058 473 1101 527 xr

315 604 407 678 tium
430 603 505 699 ipse
530 601 695 673 sustinuit
719 625 762 673 ac
784 600 876 671 vires
899 601 1143 697 impetumque
1166 601 1367 699 intercepit,

316 743 362 798 tre
375 718 521 795 taltcrius
536 715 713 793 vincendo
726 731 762 789 et
774 714 1021 813 conquirendo
1039 715 1299 814 procederent;
1316 741 1371 789 re·

315 859 397 909 rum
418 836 525 908 etiam
548 833 595 907 ad
616 834 782 909 ultimum
804 846 881 907 toto
902 857 1013 928 regno
1035 832 1169 931 expulit
1191 848 1230 907 et
1250 833 1368 929 ejecit,

314 950 560 1050 recuperando
585 974 660 1024 non
683 949 795 1023 modo
821 950 1022 1047 provincias
1046 951 1146 1044 regni
1172 952 1371 1047 potentissi-

315 1092 409 1157 mas,
432 1091 521 1164 quas
553 1066 615 1139 vel.
631 1066 799 1162 genitoris
819 1066 894 1156 sui,
913 1065 971 1138 vel
998 1089 1065 1138 suo
1080 1065 1189 1138 etiam
1212 1081 1371 1164 ternpore

313 1197 555 1282 occuparant,
590 1181 654 1254 sed
682 1183 790 1256 etiam
820 1183 1043 1278 Aquitaniam
1075 1196 1111 1253 et
1141 1183 1371 1277 vasconiam,

313 1323 424 1396 quam
440 1298 537 1372 velut
559 1299 741 1396 propriam
762 1299 902 1370 circiter
927 1323 992 1397 per
1012 1322 1128 1371 annos
1142 1297 1319 1371 ducentos
1340 1314 1374 1371 et

312 1418 570 1514 quinquaginta
592 1415 726 1511 anglici
749 1430 950 1490 tenuerant.
976 1420 1059 1488 Post
1089 1440 1178 1512 quas
1209 1417 1374 1490 victorias

313 1530 382 1607 sibi
398 1531 567 1605 divinitus
582 1555 787 1625 concessas,
806 1534 924 1631 ipsum
940 1557 1090 1628 regnum
1101 1546 1190 1605 tunc
1202 1532 1373 1629 quodam·

313 1647 424 1724 modo
440 1649 538 1722 velut
552 1648 711 1721 elloetum
723 1665 760 1721 et
775 1673 954 1745 exsangue
975 1648 1161 1743 ellectum,
1181 1663 1220 1720 et
1232 1650 1374 1747 populis

312 1761 521 1839 mirabiliter
543 1763 763 1841 diminutum
779 1780 886 1864 atque
905 1765 1102 1857 desertum,
1119 1789 1165 1837 eo
1184 1763 1287 1860 quod
1303 1778 1373 1838 tam

312 1881 376 1957 diu
404 1896 549 1956 externa
572 1898 680 1980 atque
699 1884 866 1957 intestina
884 1882 979 1956 bella
1002 1882 1236 1979 militiamque
1256 1895 1295 1952 et
1317 1882 1374 1953 tri-

311 1995 461 2091 butum,
478 1998 571 2097 proh
588 1997 714 2072 dolorl
733 1999 936 2092 tolerasset,
959 2014 1032 2074 tam
1045 1997 1240 2098 prudenter
1256 1997 1375 2096 dispo·

293 2115 399 2202 «suit,
417 2128 459 2188 ut
480 2115 714 2188 instauratum
726 2122 802 2214 jam
822 2118 860 2187 in
876 2116 1015 2188 honum
1032 2130 1162 2189 statum
1176 2131 1214 2188 et
1234 2117 1272 2188 in
1291 2140 1374 2189 cou-

312 2229 523 2303 valescentia
537 2233 672 2329 optima
683 2233 911 2306 reflorescens
925 2233 1042 2332 ipsum
1054 2231 1128 2304 filio
1144 2231 1370 2328 relinqueret.

312 2344 383 2431 Qui
397 2345 444 2437 si,
467 2347 576 2442 patris
591 2347 747 2421 imitatus
762 2347 989 2447 prudentiam
1002 2362 1038 2420 et
1052 2349 1216 2441 virtutes,
1234 2349 1371 2446 ipsum,

311 2454 363 2533 uti
376 2455 625 2552 inchoaverat,
641 2484 822 2556 resurgere
838 2476 873 2534 et
888 2485 1087 2533 excrescere
1102 2460 1139 2532 in
1157 2460 1285 2558 populi
1307 2484 1373 2533 nu·

312 2571 513 2646 merositata
536 2587 572 2645 et
592 2574 722 2672 opibus
739 2578 968 2675 permisisset,
996 2577 1121 2675 procul
1150 2569 1283 2667 dubio,
1308 2600 1372 2648 auo

312 2699 472 2783 tempore
495 2689 533 2760 in
550 2702 689 2763 tantum
704 2691 901 2766 coalescere
921 2706 958 2765 et
979 2691 1165 2773 instaurari
1180 2693 1370 2789 pourimet,

312 2815 354 2877 ut
379 2801 426 2874 ad
454 2804 652 2900 priscorum
681 2806 824 2881 illorum
847 2823 1051 2906 temporum
1082 2806 1305 2898 felicitatem,
1335 2807 1372 2878 in

312 2918 443 3016 quibus
455 2922 609 2993 maxime
629 2921 849 3014 effloruerat,
868 2949 968 3022 pune
982 2922 1154 3021 potuisset
1173 2921 1369 3020 pervenire.

312 3035 415 3130 atqui
434 3035 564 3131 quibus
573 3037 725 3129 artibus,
744 3063 816 3136 qua
829 3039 1019 3137 prudentia
1034 3052 1140 3134 atque
1152 3037 1372 3111 humanitate

312 3149 449 3245 ipsum,
479 3152 721 3250 prohdolor!
755 3155 1044 3245 administrarit¹,
1073 3153 1221 3225 ulterius
1246 3151 1373 3227 referre

314 3262 404 3336 soret
418 3291 689 3365 supervacuum.
711 3272 801 3344 Satis
823 3273 920 3344 enim
940 3295 1116 3370 superque
1132 3295 1177 3343 err
1193 3269 1271 3361 his,
1296 3291 1393 3366 qun¹

314 3402 421 3477 supra
443 3406 465 3457 a
485 3383 590 3459 nobis
613 3386 723 3460 relata
744 3402 844 3480 aunt,
861 3387 994 3461 factum
1009 3400 1063 3460 sn
1083 3384 1320 3484 conspicuum
1338 3399 1372 3458 et

313 3497 551 3574 manifestum.

354 3711 382 3767 l.
407 3713 460 3770 lia.
478 3716 699 3775 administraret.
