2946 5070
583 452 694 508 Lmen
724 451 877 508 SEXTUS.
1226 454 1263 510 23

255 589 433 658 Ducamm
441 585 574 681 quippe
583 582 806 678 Burgundiae,
820 607 902 654 cum
916 582 1142 654 comitatibus
1149 585 1267 657 Matis-

203 701 351 775 conensi
369 715 406 771 et
420 697 726 790 Autissiodorensi,
743 698 872 794 jamin
889 697 1107 771 deditionem
1123 724 1268 799 recepe-

204 820 291 892 rat¹.
310 816 362 889 Ad
379 840 468 914 quas
484 829 593 889 terras
609 814 797 886 dominum
815 812 860 887 de
880 817 1020 886 Craon'
1034 839 1117 887 cum
1137 819 1269 890 crateris

203 933 280 1006 aliis
301 931 454 1006 ducibus
469 947 504 1002 et
520 945 620 1030 parte
641 953 787 1004 suarum
802 933 987 1030 copiarum
1002 946 1085 1005 ante
1102 933 1265 1025 miserat;

203 1064 341 1121 etcum
357 1049 450 1121 illius
465 1063 565 1119 terrae
576 1047 706 1120 accolae
725 1071 906 1119 accessum
923 1045 1075 1119 liberum
1096 1047 1142 1119 ad
1159 1062 1268 1123 terras

203 1164 378 1237 Flandriae
401 1164 557 1260 aliasque
582 1163 766 1235 inferiores
787 1162 920 1235 habere
937 1187 1012 1235 non
1034 1178 1198 1261 possent,
1224 1188 1267 1237 eo

203 1282 306 1380 quod
319 1281 548 1375 Lotharingia
558 1296 593 1352 et
609 1280 684 1351 aliae
702 1281 919 1353 intermediae
931 1295 1033 1352 terrae
1046 1280 1179 1352 eisdem
1187 1281 1269 1354 hos·

203 1400 281 1471 tiles
296 1413 415 1490 erant,
429 1413 466 1469 et
480 1399 530 1470 ita
555 1398 730 1469 nescirent
744 1423 823 1495 quae
841 1399 878 1469 in
894 1398 1059 1472 Flandria
1072 1413 1109 1470 et
1124 1398 1268 1472 insen'o-

204 1514 302 1593 ribus
314 1515 415 1588 terris
427 1529 633 1612 gererentur
641 1512 820 1610 (suggesto
828 1515 879 1586 eis
889 1539 954 1613 per
968 1516 1084 1610 regios
1092 1515 1192 1611 quod
1206 1543 1266 1590 rex

202 1657 286 1703 cum
298 1655 363 1703 sua
375 1631 584 1729 principissa
593 1627 725 1702 soedera
734 1629 899 1722 haberet,
915 1631 1183 1727 ejusque'terras
1192 1632 1266 1728 jam

202 1746 269 1819 sub
287 1771 398 1818 manu
417 1770 459 1847 ας
473 1760 644 1843 potestate
659 1768 722 1817 sua
737 1745 902 1842 teneret),
916 1745 964 1817 ita
977 1770 1052 1817 esse
1066 1747 1267 1819 existiman·

203 1879 269 1956 tes,
293 1863 455 1958 eoquod
484 1862 529 1933 de
555 1861 775 1959 opponenda
799 1862 870 1956 regi
900 1863 1097 1935 resistentia
1121 1887 1266 1960 prorsus

202 1979 460 2078 desperabant,
481 1978 676 2050 nescientes
691 1977 779 2074 quid
796 1977 1022 2048 commodius
1039 1978 1153 2050 lacere
1185 2005 1265 2078 pos·

160 2120 162 2125 ·
200 2109 293 2186 sent,
302 2094 363 2166 tali
375 2093 596 2165 vaframento
608 2092 855 2183 circumventi,
866 2105 1099 2190 spontaneam
1110 2092 1264 2167 fecerant

200 2211 278 2283 sine
294 2209 390 2281 bello
406 2208 639 2280 deditionem.
948 2206 956 2219 '

250 2325 321 2397 Sed
338 2350 423 2396 cum
442 2324 569 2395 veritas
584 2348 798 2421 rerumquae
815 2323 1041 2420 gerebantur,
1065 2323 1121 2396 bis
1137 2325 1182 2398 de
1203 2352 1263 2398 co·

200 2444 328 2516 mitatu
344 2438 554 2536 Burgundiae
573 2464 637 2538 per
653 2442 852 2534 Germanos
875 2441 1011 2511 vicinos
1032 2441 1260 2536 innotuisset,

200 2560 293 2655 regi,
310 2581 356 2629 ne
369 2555 437 2628 sub
449 2556 526 2653 ejus
539 2579 649 2627 manu
666 2553 892 2644 devenirent,
903 2557 1043 2628 animos
1051 2571 1157 2652 atque
1164 2582 1262 2630 arma

201 2673 317 2747 valide
333 2688 370 2746 et
384 2686 549 2770 potenter
560 2673 833 2769 opposuerunt⁸,
847 2687 993 2744 auctore
1008 2673 1185 2770 praecipue
1199 2673 1262 2747 do-

200 2791 300 2863 mino
317 2787 363 2861 de
376 2786 529 2886 Argueil
537 2789 559 2876 ‘,
579 2786 786 2858 marchione
809 2785 854 2858 de
872 2786 1121 2884 Rotlreliaglre'
1135 2804 1171 2860 et
1186 2790 1262 2865 aliis

200 2903 409 3006 proceribus
424 2902 557 3001 patriae.
577 2903 665 2994 Qui,
678 2902 798 2974 accitis
813 2927 857 2975 ex
871 2917 963 2976 terra
973 2904 1189 2977 Suitensium
1199 2909 1261 2980 sti·

200 3018 394 3120 pendiariis
409 3018 580 3090 militibus
596 3031 633 3087 et
646 3017 788 3115 populis
802 3034 901 3090 terme
914 3043 1004 3110 sure,
1015 3020 1161 3092 viriliter
1176 3037 1261 3095 tunc

200 3135 291 3207 lines
299 3159 383 3207 suos
399 3134 500 3206 tutati
512 3148 614 3226 suut,
628 3147 665 3204 et
675 3133 879 3206 multotiens
892 3139 1110 3208 Francorum
1127 3162 1262 3211 cuneos

202 3253 453 3351 protriverunt.
488 3253 533 3324 Et
559 3275 642 3321 cum
659 3249 735 3344 jam
759 3248 961 3350 [nonlnulla
988 3254 1128 3326 castella
1156 3269 1261 3352 atque

200 3366 373 3466 oppidula
386 3366 508 3485 patriae
528 3370 747 3438 Francorum
771 3366 897 3455 milites
920 3385 1170 3466 occupassent,
1191 3385 1260 3442 sta·

243 3565 271 3626 1,
294 3564 335 3619 Le
348 3557 441 3618 duche
456 3558 493 3617 de
505 3562 676 3638 Bourgogne
685 3558 717 3617 tit
729 3577 760 3617 sa
774 3558 944 3618 soumission
959 3560 986 3618 le
996 3562 1034 3619 29
1046 3562 1160 3634 janvier
1172 3567 1260 3624 tarr.

241 3661 271 3715 2.
294 3656 423 3734 Georges
436 3653 526 3713 dela
539 3652 722 3712 Tremouille.

241 3756 271 3810 3.
292 3755 335 3810 La
348 3748 596 3809 Fraude-comte
610 3749 780 3819 aerisona,
795 3749 880 3828 apres
896 3751 981 3809 s'etre
995 3752 1120 3810 soumise
1131 3770 1168 3810 en
1180 3766 1263 3812 remu

202 3847 289 3908 d'une
303 3845 491 3906 deliberation
505 3846 542 3905 de
555 3866 599 3905 ses
611 3847 683 3905 etats
693 3844 848 3905 assembles
861 3850 878 3905 a
889 3848 975 3919 Dolo,
990 3848 1018 3906 le
1030 3851 1067 3906 ta
1085 3848 1201 3917 ferrier.

242 3945 273 4004 ti.
292 3945 364 4001 Jean
383 3939 420 3999 de
437 3940 562 4012 chalon,
577 3939 676 4019 prince
697 3938 841 4022 d'0rauge
861 3954 890 4000 et
907 3941 1040 4021 seigneur
1054 3941 1205 4022 d’nrguel‚
1225 3962 1263 4001 ne

203 4049 286 4116 parnt
308 4035 441 4114 qu'apres
467 4035 494 4093 la
521 4035 646 4105 revolte,
669 4034 739 4092 dont
761 4055 813 4093 son
835 4037 919 4095 oncle
938 4040 1055 4114 Hugues
1078 4035 1114 4094 de
1137 4034 1261 4105 chalon,

205 4131 335 4211 seigneur
348 4127 383 4186 de
397 4128 640 4208 Chateauguyon‚
655 4127 752 4187 donna
765 4129 792 4189 le
805 4130 909 4211 signal.

244 4227 272 4282 ὅ.
296 4221 427 4302 Philippo
440 4220 477 4280 de
491 4221 655 4302 Hoclrberg‚
668 4223 794 4302 marquis
808 4223 845 4283 de
857 4222 1001 4282 Rothelin.
