2946 5070
574 463 684 521 LIBER
714 464 904 522 SEPTIMUS.
968 490 982 517 ο
1211 472 1270 528 tta

207 609 373 693 partem,
391 618 474 666 cum
494 619 559 665 suo
590 595 701 692 impio
729 594 892 666 satellitio
914 594 1099 692 expilasset
1128 620 1170 669 ac
1188 597 1270 670 diri·

205 709 351 808 puisset.

214 856 217 861 ·
256 829 412 897 Fuerunt
430 826 467 896 in
484 849 528 898 eo
538 825 736 898 certamine
749 824 837 899 bina
850 826 927 898 vice
938 827 1117 900 Clivenses
1132 828 1270 928 depulsi

205 956 242 1014 et
262 941 345 1014 loco
370 943 482 1032 moti,
515 942 662 1015 viriliter
695 957 731 1015 et
760 958 902 1016 strenue
929 943 1182 1019 dimicantibus
1208 949 1270 1045 qui

205 1084 273 1157 pro
289 1058 496 1137 defensione
513 1060 638 1159 plateae
655 1075 691 1132 et
706 1060 855 1159 civitatis
871 1058 1082 1153 adstabant;
1103 1062 1164 1134 sed
1183 1061 1271 1149 fina-

203 1177 284 1251 liter
300 1202 339 1250 se
356 1177 666 1283 accumulantibus
682 1177 909 1251 Clivensibus
924 1193 959 1249 et
971 1178 1138 1252 atrociter
1154 1181 1271 1254 immi·

204 1293 387 1384 uentibus,
399 1320 541 1369 necesse
556 1298 606 1368 eis
621 1296 699 1389 fuit,
718 1296 781 1393 qui
797 1296 902 1392 longe
917 1296 1102 1394 pauciores
1117 1321 1269 1371 numero

202 1426 329 1503 erant,
347 1412 429 1484 loeo
449 1412 587 1486 cedere.
613 1417 702 1503 Nam
725 1428 761 1485 et
782 1412 866 1511 ipsis
887 1413 1108 1486 Clivensibus
1128 1440 1203 1487 sese
1226 1441 1269 1487 ex

203 1528 346 1601 civitate
371 1527 536 1622 nonnulli
552 1530 817 1621 consociarent,
837 1529 900 1626 qui
918 1528 1103 1604 acerbiore
1125 1531 1211 1604 odio
1231 1533 1268 1603 in

202 1669 310 1716 sunm
328 1642 531 1716 ferebantur
543 1647 765 1744 episcopum.

251 1761 378 1833 Statim
391 1776 511 1834 autem
524 1776 564 1832 ut
577 1775 674 1858 terga
690 1775 889 1853 verterunt,
907 1761 969 1858 qui
982 1784 1050 1858 pro
1062 1757 1269 1835 defensione

201 1874 427 1969 adstiterunt,
451 1879 517 1976 ipsi
535 1878 713 1951 Clivenses
729 1901 812 1949 cum
838 1875 975 1949 civibus
996 1900 1067 1948 suae
1085 1875 1266 1972 factionis,

201 1987 355 2063 effractis
370 1991 571 2064 carceribus
590 1993 627 2062 in
645 1991 777 2089 quibus
793 1991 961 2089 dominus
978 1990 1023 2063 de
1042 1989 1222 2088 Montfort
1234 2008 1269 2063 et

201 2105 262 2178 alii
287 2107 443 2181 fautores
462 2108 516 2181 sui
540 2106 824 2198 asservabantur,
846 2107 893 2181 ad
916 2106 1090 2205 palatium
1109 2108 1268 2207 episcopi

200 2222 425 2323 irruperunt,
450 2239 486 2297 et
511 2225 663 2319 effractis
683 2240 719 2297 et
737 2225 884 2323 direptis
907 2224 1169 2322 exportatisque
1188 2249 1269 2295 om·

201 2337 309 2413 nibus
339 2365 419 2437 quae
445 2341 535 2413 inibi
569 2340 758 2440 portabilia
782 2342 928 2413 inventa
954 2355 1057 2433 sunt,
1085 2340 1122 2411 in
1149 2341 1267 2438 ipsum

200 2456 310 2528 etiam
323 2458 424 2555 pium
440 2455 649 2556 pontificem
661 2458 790 2530 Christi
805 2463 859 2528 et¹
877 2457 1067 2528 dominum
1083 2457 1268 2552 sacrilegas

201 2597 331 2646 manus
363 2598 451 2645 ausu
478 2574 634 2647 nefando
658 2575 802 2671 injicere
830 2598 904 2645 non
933 2585 1017 2645 sunt
1041 2570 1160 2663 veriti3
1178 2573 1266 2669 quin

200 2704 238 2762 et
254 2691 376 2764 multis
389 2717 472 2763 eum
486 2690 628 2790 probris
644 2717 685 2764 ac
703 2691 947 2782 contumeliis,
959 2687 1096 2784 absque
1113 2687 1187 2758 ullo
1200 2690 1266 2777 Dei

201 2807 330 2880 timore
356 2822 391 2878 et
416 2808 505 2878 sacri
534 2807 670 2879 ordinis
695 2806 912 2897 reverentia,
943 2804 1132 2895 aflectum,
1153 2804 1265 2905 'etiarn

201 2921 313 2995 domo
336 2923 483 3021 propria
507 2923 699 3018 ejecerunt.
720 2925 811 2992 Cum
837 2945 943 3012 vero,
963 2933 1111 3019 propter
1130 2918 1265 2990 artbre·

202 3039 289 3113 ticas
307 3040 489 3138 passiones
504 3037 657 3136 pedibus
678 3062 752 3108 non
774 3036 875 3108 facile
896 3052 1016 3135 posset
1035 3053 1120 3109 tunc
1140 3033 1266 3108 ambu-

200 3154 295 3247 lare,
314 3153 360 3227 ad
377 3153 573 3253 quamdam
587 3154 694 3226 aliam
708 3154 872 3241 domum,
889 3152 953 3224 uhi
967 3155 1050 3225 satis
1062 3154 1132 3226 vile
1146 3151 1265 3253 publi-

200 3294 285 3343 cum
313 3265 500 3342 tenebatur
527 3270 745 3368 hospitium,
765 3269 972 3367 deportatus
991 3284 1064 3360 est,
1087 3284 1194 3367 atque
1214 3267 1264 3339 ibi

200 3400 265 3484 per
280 3385 357 3458 dies
372 3386 504 3458 mrdtos
520 3387 706 3458 servatus¹.

250 3506 331 3600 Ipso
360 3516 480 3574 autem
502 3501 560 3572 die
591 3525 665 3598 quo
691 3501 765 3593 sic,
792 3502 845 3573 uti
872 3500 1047 3591 diximus,
1074 3502 1196 3573 civitas
1218 3501 1264 3573 ir-

199 3632 304 3715 rupta
332 3616 396 3688 suit
426 3633 461 3689 et
489 3616 556 3688 sub
589 3618 783 3715 impiorum
812 3619 1004 3690 hominum
1034 3644 1183 3691 manum
1211 3643 1264 3688 re·

240 3847 270 3904 f.
293 3847 347 3905 Ms.
364 3858 392 3903 et
404 3845 507 3909 Matth.
525 3845 664 3906 Christum
677 3848 829 3907 deminuat.

239 3941 271 4000 2.
296 3938 426 3997 «Statim
444 3939 611 4017 praeparatis
627 3941 708 4018 equis
722 3953 750 3999 et
766 3938 917 4012 curribus,
935 3939 1101 4017 episcopum
1122 3935 1262 3994 Davidem

201 4056 217 4086 ι
232 4032 331 4092 currui
345 4031 511 4110 imponunt,
526 4034 746 4093 Amersfortiam
760 4033 883 4106 vehunt,
899 4032 949 4092 ubi
962 4032 1039 4112 apud
1054 4029 1230 4109 Agatbenses
1245 4048 1261 4086 a

202 4150 217 4179 ι
232 4125 352 4184 domino
367 4129 503 4204 Reynero
522 4126 559 4185 de
575 4129 788 4205 Bromi-barsen
806 4129 937 4207 captivus
956 4127 1109 4211 detinetur.
1128 4150 1143 4178 ι
1160 4129 1262 4182 Rerum

199 4220 482 4294 amerssortt'anarttm
497 4235 595 4278 auctor
606 4228 746 4291 incertus,
760 4222 817 4280 cite
832 4241 886 4302 par
899 4220 1061 4280 Mattheus.
