2946 5070
419 664 882 773 HISTORIARUM

573 928 614 980 DE
629 928 729 981 REBUS

232 1125 292 1299 Α
362 1122 887 1281 LUDOVIGO
959 1124 1062 1282 XI

385 1435 729 1528 ERANCORUM
766 1438 910 1528 REGE

280 1685 330 1752 ΕΤ
346 1684 423 1753 8Ηο
438 1684 629 1754 TEMPORE
646 1685 690 1754 IN
706 1684 857 1753 utini
872 1686 1012 1755 urstis

461 1912 609 1991 LIBER
639 1910 841 1992 SEXTUS.

369 2276 659 2348 CAPITULUM
702 2278 912 2348 PRIMUM.

114 2455 195 2522 Quod
218 2474 274 2509 nou
294 2456 379 2508 luctus
405 2453 451 2508 sed
469 2455 559 2509 lotitia
576 2455 605 2507 in
625 2453 751 2510 Flandriu
768 2467 793 2508 et
809 2457 951 2511 Brubtntia
973 2457 1023 2510 fuit
1039 2455 1074 2510 de
1091 2470 1176 2512 morte

150 2539 396 2612 caroti,p1tncipis
413 2538 470 2607 tui;
489 2552 514 2593 et
536 2536 569 2593 de
586 2541 741 2594 tumultibus
759 2559 791 2593 uc
809 2539 983 2595 seditionibus
1003 2542 1174 2615 popularium

150 2627 236 2681 statim
250 2639 311 2698 post
322 2624 476 2678 subsecutis.

165 2797 345 2869 Exstincto
383 2797 526 2889 Carolo,
563 2795 858 2893 Burgundionum
898 2795 991 2869 duce
1005 2802 1027 2888 ¹,
1061 2796 1171 2870 modo

114 2940 223 3013 quem
236 2914 417 3013 superiore
430 2911 523 2984 libro
542 2915 776 3007 narravimus,
794 2914 911 2985 moesti
933 2911 1080 3011 quidem
1097 2938 1172 2986 esse

113 3056 269 3128 eumque
285 3031 406 3126 lugere
421 3043 632 3128 potuerunt,
651 3029 713 3126 qui
730 3028 785 3100 vel
802 3025 848 3100 ad
866 3053 950 3100 eum
965 3029 1081 3101 carius
1097 3026 1172 3100 affi-

113 3147 316 3240 ciebantur,
341 3161 403 3218 uut
425 3145 487 3243 qui
510 3143 578 3216 sub
600 3170 644 3217 eo
661 3146 818 3217 lucrosus
849 3145 1172 3218 administrationes

113 3280 220 3362 atque
241 3261 358 3335 officia
372 3259 603 3354 exercebant,
631 3261 687 3332 vel
716 3261 801 3333 alias
823 3261 1039 3360 compendia
1055 3288 1096 3335 ex
1125 3286 1170 3334 eo

112 3382 275 3480 accipere
289 3378 383 3451 soliti
404 3392 523 3471 erant3
556 3401 681 3447 verum
695 3375 735 3447 hi
749 3376 855 3474 pauci
882 3375 1079 3449 admodum
1096 3403 1168 3449 nu-

113 3522 234 3591 mero,
252 3497 402 3569 aliorum
418 3494 686 3592 comparatione
712 3493 774 3589 qui
794 3491 838 3563 de
862 3492 938 3589 ejus
960 3517 1089 3564 occasu
1106 3493 1169 3565 lae·

111 3615 293 3690 tabantur.
312 3619 446 3685 Eorum
459 3613 593 3710 quippe
609 3636 710 3711 paene
726 3635 896 3682 numerus
909 3636 984 3683 non
1000 3626 1092 3704 erat,
1107 3614 1169 3709 qui

111 3758 176 3831 per
202 3756 328 3805 omnes
357 3731 466 3802 ferme
492 3743 603 3800 terras
637 3751 735 3819 suas,
763 3727 955 3825 praesertim
974 3727 1145 3800 Flandriae
1157 3785 1168 3821 ‚

74 3866 81 3890 ⁴
112 3848 326 3940 Brabantiae,
349 3860 385 3917 et
405 3845 559 3943 reliquas
581 3869 660 3941 quae
684 3859 768 3916 sunt
785 3844 913 3941 linguae
940 3846 1168 3940 germanicae,

110 3966 245 4061 ingenti
260 3965 379 4037 laetitia
394 3959 635 4053 exsultabant,
663 3960 762 4059 quod
777 3962 856 4034 talis
874 3959 1012 4033 domini
1024 3963 1112 4059 jugo
1128 3985 1171 4034 ae

150 4178 180 4233 t.
202 4172 320 4232 Janvier
334 4176 424 4234 tttt.

188 4290 225 4332 su
1033 4270 1047 4328 t
