2946 5070
207 487 264 546 tto
476 483 733 545 mstoattnttn
751 486 931 546 tnnovtct
950 488 992 544 xl

208 630 314 708 tamt,
346 614 393 687 ad
424 614 577 712 patriam
601 637 702 687 suam
732 606 932 691 Clivensem
958 616 1157 714 pmfectus,
1185 642 1264 692 suos

207 731 371 804 rutheros
386 730 496 802 ferme
519 754 644 802 omnes
667 732 848 805 mitterent
865 732 912 805 a'd
931 732 1107 829 quasdam
1123 733 1265 809 arbores

206 847 438 922 succidendas
464 862 501 919 et
521 847 568 920 ad
587 849 766 922 civitatem
782 849 992 925 deferendas
1013 876 1080 950 pro
1099 853 1266 926 munitio·

206 965 312 1037 nibus
337 979 522 1063 portarum
545 978 580 1035 et
602 967 798 1059 moenium,
825 981 988 1066 tempore
1015 983 1052 1040 et
1086 969 1170 1042 loco
1202 993 1265 1068 pm

206 1079 337 1181 quibus
365 1077 404 1152 id
428 1080 665 1153 necessarium
692 1106 766 1155 esse
786 1095 926 1182 posset,
958 1097 1065 1180 atque
1086 1085 1196 1156 etiam
1222 1083 1265 1157 ad

206 1196 389 1271 machinas
418 1210 454 1268 et
481 1198 751 1294 propugnacula
779 1197 1051 1272 fabrificanda¹.‘
1083 1200 1266 1297 Simulque

205 1316 311 1389 etiam
332 1314 451 1386 evenit
477 1327 517 1385 ut
534 1314 602 1412 ipsi
625 1316 768 1412 tyranni
789 1340 915 1389 omnes
935 1341 1020 1389 cum
1048 1316 1201 1390 domino
1222 1317 1266 1391 de

206 1432 403 1530 Montsort,
427 1453 538 1530 penes
564 1454 672 1527 quem
695 1433 852 1517 maxima
877 1435 986 1507 totius
1004 1433 1173 1506 factionis
1196 1457 1265 1507 ms·

204 1546 313 1619 nebat
340 1561 426 1619 tunc
448 1547 656 1642 auctoritas,
679 1548 717 1620 in
738 1574 853 1622 unum
871 1551 1107 1623 convenirent
1128 1551 1167 1621 in
1188 1549 1265 1622 loco

202 1663 388 1761 capitulari
414 1661 568 1734 ecclesiae
597 1663 710 1736 sancti
739 1665 894 1739 Martini.
928 1666 1052 1738 Solent
1074 1663 1174 1736 enlm
1197 1650 1265 1737 ¹sre-

202 1796 353 1880 quenter
367 1781 545 1854 solemnes
561 1795 597 1854 et
611 1805 678 1880 pro
695 1783 918 1878 gravioribus
929 1783 1044 1857 causis
1054 1783 1167 1855 totius
1181 1781 1266 1854 civi·

201 1899 281 1972 tatis
296 1898 367 1971 illic
386 1896 558 1970 celebrari
579 1913 790 1971 conventus.
808 1898 917 1988 Quod
935 1924 1019 1972 cum
1042 1898 1266 1995 agnovissent

200 2017 263 2113 qui
287 2015 333 2087 de
351 2014 600 2113 conjuratione
623 2028 744 2108 erant,
771 2017 861 2089 ostia
882 2016 1043 2114 ejusdem
1066 2014 1266 2114 capitularis

200 2130 288 2205 atilae
319 2131 365 2203 de
397 2129 483 2203 foris
512 2129 737 2219 clausemnt,
771 2147 878 2231 atque
911 2133 1007 2205 illico
1042 2129 1265 2205 currentibus

200 2246 417 2346 quibusdam
433 2270 499 2346 per
513 2247 612 2319 vicos
629 2248 796 2338 civitatis,
816 2250 879 2345 qui
894 2274 1022 2348 pacem
1038 2274 1124 2323 cum
1138 2273 1264 2346 magno

199 2366 438 2440 acclamarent
460 2363 635 2457 tumultu,
656 2364 930 2438 adventantibus
952 2379 987 2438 et
1011 2367 1208 2463 conjuratis
1229 2366 1264 2438 in

200 2505 330 2578 magna
357 2480 488 2551 civium
511 2479 739 2552 multitudine
767 2481 814 2553 ad
839 2506 1070 2554 communem
1090 2483 1262 2581 plateam,

200 2621 278 2695 quae
298 2610 351 2669 est
366 2620 481 2694 prope
498 2593 651 2667 domum
667 2596 891 2691 consulatus,
912 2597 959 2670 ad
982 2599 1102 2670 statim
1123 2613 1200 2671 tota
1216 2598 1264 2670 ci·

197 2714 287 2786 vitas
311 2714 348 2785 in
378 2712 485 2785 armis
511 2711 597 2800 fuit,
630 2710 872 2808 obseratisque
904 2714 1059 2786 civitatis
1090 2716 1203 2813 portis
1231 2729 1264 2786 ct

199 2830 397 2922 moenihus,
431 2843 472 2902 ut
501 2829 689 2902 necessitas
717 2829 910 2920 suadebat,
945 2829 1155 2923 custoditis,
1174 2831 1262 2930 capti

201 2948 297 3021 fuere
315 2948 458 3046 tyranni
476 2970 622 3038 omnes,
641 2960 677 3017 et
695 2945 817 3044 (quod
838 2947 942 3019 valde
960 2948 1191 3041 mirandum,
1216 2962 1263 3020 at·

200 3067 306 3137 tentis
326 3064 523 3136 innumeris
548 3086 649 3161 paene
667 3063 769 3135 malis
795 3088 874 3161 quae
896 3065 1029 3136 civitati
1050 3089 1095 3136 ac
1117 3066 1184 3136 toti
1201 3089 1263 3163 po-

199 3182 285 3280 pulo
303 3179 521 3275 intulerant)
534 3181 629 3278 ipsos
649 3194 772 3277 captos
790 3180 827 3250 in
844 3179 941 3252 dicto
957 3181 1144 3279 capitulari
1161 3182 1260 3273 loco,

200 3299 237 3369 in
255 3322 328 3396 quo
348 3299 490 3370 lucrant
506 3297 685 3389 conclusi,
704 3295 853 3394 pacifice
872 3296 919 3369 ad
935 3307 1078 3396 portam
1094 3298 1259 3390 civitatis,

200 3436 279 3510 quae
301 3428 430 3487 sanctae
446 3413 644 3485 Catharinae
668 3413 878 3510 appellatur,
901 3413 1150 3508 adduxenmt,
1173 3428 1210 3487 et
1226 3413 1261 3484 in

200 3554 380 3603 carcerem
408 3530 655 3621 detruserunt,
675 3529 819 3600 nemine
838 3553 965 3603 eorum
987 3553 1078 3602 cmso
1100 3543 1165 3603 aut
1186 3552 1261 3629 per·

202 3671 317 3719 cusso.
338 3651 472 3719 Revera
488 3647 615 3738 enim¹,
634 3658 674 3717 ut
690 3645 864 3739 diximus,
883 3671 958 3718 non
978 3649 1212 3720 ostenderunt
1227 3669 1261 3717 se
1302 3641 1305 3648 ’

200 3787 275 3835 esse
291 3763 458 3835 homines
478 3761 744 3858 sanguinarios,
771 3762 872 3860 quod
888 3779 1008 3836 tamen
1030 3765 1068 3836 in
1086 3765 1259 3862 plerisque

199 3880 420 3974 civitatibus,
442 3880 589 3977 quando
616 3879 703 3952 tales
731 3878 923 3953 seditiones
941 3895 1155 3978 exsurgunt,
1179 3903 1259 3952 coo·

200 3998 334 4094 tingere
350 4022 441 4096 saepe
459 3997 576 4068 visum
590 4008 654 4069 est.

242 4171 269 4226 l.
284 4167 442 4251 ,Matthaeus
456 4165 652 4243 fabricandas.

240 4263 268 4319 2.
291 4259 524 4321 nunterston.
