2946 5070
606 447 713 507 1.less
732 445 881 504 srxms.
1232 450 1270 508 Η

210 573 328 674 tibus)
351 579 388 652 in
416 604 529 653 unum
552 604 627 654 non
652 577 978 665 concordantibus,
1005 578 1105 669 nullo
1121 580 1213 651 inter
1234 605 1272 655 se

210 705 361 766 tractatu
389 694 514 768 habito
540 720 608 768 nec
626 719 689 794 spe
710 693 828 790 aliqua
848 691 895 764 de
924 693 1070 766 ulterius
1091 694 1129 765 in
1157 720 1271 768 unum

209 809 377 882 coermdo
396 812 530 903 relicta,
551 812 718 909 uterque¹
735 808 783 881 ad
795 809 943 908 propria
962 809 1156 897 redierunt.

259 928 420 1000 Durante
443 953 530 1001 vero
549 928 666 1001 hieme
681 982 692 1018 ,
710 949 814 1015 cum,
833 925 886 997 uti
908 926 1084 1016 diximus,
1103 926 1197 998 ultro
1220 929 1271 1000 ci·

210 1054 361 1139 troque,
377 1057 472 1116 terra
487 1043 667 1140 marique,
685 1056 816 1139 treugae
831 1041 1006 1140 pericula,
1025 1042 1221 1118 calumnias
1236 1058 1272 1116 et

208 1152 316 1226 dolos
342 1171 560 1254 paterentur,
585 1157 808 1229 incursiones
834 1156 942 1228 etiam
966 1180 1031 1254 per
1055 1171 1165 1229 terras
1182 1157 1273 1229 limi·

209 1284 333 1344 laneas
349 1271 424 1344 lieri
437 1299 511 1346 non
529 1274 789 1366 omitterentur,
808 1273 1020 1369 navigioque
1031 1288 1271 1347 mercatorum

206 1409 230 1459 a
247 1386 489 1462 Hollandrinis
508 1390 703 1488 prasertim
719 1387 913 1485 aliquando
934 1387 991 1460 vel
1008 1388 1196 1482 violentia,
1215 1389 1270 1464 vel

208 1501 334 1575 fraude
348 1505 643 1620 interciperentur
666 1520 702 1591 et
720 1503 998 1598 abducerentur,
1018 1528 1160 1604 semper
1177 1530 1272 1604 pau·

206 1617 327 1713 laum,
347 1622 460 1720 magis
475 1647 517 1695 ac
534 1621 657 1720 magis,
675 1620 862 1693 inimicitia
878 1634 914 1692 et
933 1619 1018 1693 odia
1032 1620 1268 1719 augebantur,

205 1750 243 1806 et
260 1736 494 1834 periculosius
511 1736 672 1836 quotidie
687 1733 796 1810 fiebat
811 1759 849 1807 se
861 1735 993 1834 treugis
1003 1737 1149 1809 credere
1165 1753 1272 1837 atque

206 1854 444 1946 committere.
489 1854 591 1928 Unde
619 1853 703 1927 satis
735 1865 946 1925 contuentes
978 1849 1112 1924 subditi
1144 1852 1268 1946 ducis,

204 1981 383 2043 transacta
400 1970 536 2060 hieme,
553 1993 696 2043 necesse
708 1966 842 2041 habere
858 1968 905 2041 ad
921 1991 1021 2040 arma
1040 1967 1169 2061 redire,
1186 1995 1270 2042 cum

206 2082 306 2157 nulla
326 2100 487 2159 maneret
508 2110 589 2186 spes
609 2084 654 2157 de
671 2085 793 2182 aliquo
811 2085 958 2157 ulterius
977 2099 1180 2177 conventu,
1202 2110 1270 2184 pro

205 2199 390 2274 tractanda
421 2225 510 2300 paco
539 2200 773 2289 celebrando,
803 2224 871 2274 nec
896 2199 942 2272 de
969 2199 1101 2295 treugis
1127 2200 1165 2271 in
1195 2226 1270 2274 me.

204 2313 335 2389 liorem
350 2331 482 2391 statum
498 2333 534 2390 et
549 2315 837 2391 observationem
859 2315 1071 2407 sarciendis,
1091 2339 1180 2412 quas
1192 2317 1269 2390 die·

204 2443 309 2504 tenus
328 2432 770 2531 undiquefiognosoebant
787 2432 926 2526 violari,
948 2446 1210 2529 congreganmt
1231 2460 1269 2506 se

202 2549 321 2622 Status
338 2551 502 2622 omnium
517 2551 713 2648 patriarum
730 2548 831 2622 ducis
845 2548 943 2646 apud
956 2548 1131 2647 oppidum
1141 2553 1269 2627 Terre·

204 2665 380 2759 mundae¹‚
403 2666 482 2765 ipso
498 2666 606 2738 etiam
624 2666 715 2739 duce
737 2689 821 2737 cum
840 2664 991 2736 consilio
1005 2688 1071 2736 suo
1089 2664 1161 2736 illic
1177 2690 1267 2763 prae-

202 2792 315 2851 sente.

253 2896 324 2983 Qui
351 2920 436 2969 cum
462 2897 508 2970 de
530 2894 638 2987 rebus
660 2895 935 2988 communibus,
966 2893 1266 2968 concernentibus

201 3023 334 3081 statum
364 3009 542 3085 bellorum
568 3026 604 3084 et
627 3012 725 3110 pacis
750 3010 957 3084 earumdem
979 3025 1174 3101 terrarum,
1203 3009 1266 3084 diu

200 3124 296 3198 inter
311 3151 349 3198 se
366 3124 641 3221 deliberassent,
656 3128 693 3198 in
706 3151 749 3201 ea
763 3152 801 3199 se
816 3127 1047 3199 conclusione
1063 3125 1265 3218 firmarunt,

201 3254 259 3331 ut,
275 3267 342 3313 nec
354 3267 463 3342 super
474 3268 581 3342 pace,
600 3268 668 3316 nec
689 3268 796 3344 super
811 3243 1003 3343 pmlixiore
1020 3258 1159 3339 treuga,
1181 3268 1266 3316 cum

201 3383 284 3456 rege
311 3375 498 3434 tractatum
528 3386 684 3460 quaerere
712 3376 774 3434 aut
795 3362 966 3434 sustinere
997 3361 1145 3453 vellent,
1175 3361 1261 3452 nisi,

200 3479 360 3575 primum
375 3494 411 3551 et
426 3494 508 3553 ante
532 3480 672 3574 omnia,
693 3503 755 3552 rex
786 3503 911 3552 omnes
924 3492 1034 3552 terras
1049 3503 1120 3550 suae
1135 3478 1266 3576 princi·

199 3593 322 3690 pissae,
340 3619 431 3692 quas
449 3595 566 3670 eidem
583 3594 719 3671 ablatas
740 3593 787 3667 ab
812 3597 891 3693 ipso
916 3592 1120 3667 asserebant
1141 3593 1265 3690 inique

199 3724 236 3780 et
248 3711 400 3809 injuste,
416 3728 542 3786 contra
558 3711 667 3786 iidem
678 3712 850 3785 etseriem
861 3727 1065 3808 treugarum
1074 3711 1121 3785 ad
1130 3735 1262 3785 novem

239 3919 269 3974 l.
292 3918 389 3982 Plutdt
403 3927 515 3998 utrique
527 3941 566 3980 ou
580 3929 721 4000 utrinque.

238 4007 268 4064 2.
291 4007 529 4069 anachronisme.
544 4013 599 4069 Les
611 4011 683 4070 etats
699 4009 737 4068 de
748 4006 911 4066 Termonde
923 4007 1020 4067 furem
1042 4019 1126 4066 tenus
1138 4022 1176 4064 au
1188 4006 1261 4064 mois

198 4096 236 4155 de
250 4097 404 4160 decembre
424 4098 513 4166 tttu‘.
531 4103 601 4162 Voir
618 4103 659 4161 les
677 4103 833 4182 fragments
850 4099 987 4160 d’Adrien
1004 4103 1058 4171 Bul
1077 4097 1190 4179 Publi&s
1207 4118 1261 4180 1²²¹

199 4192 344 4265 siverdus,
359 4214 389 4273 p.
408 4197 475 4254 1⁰2.
