2946 5070
300 505 335 560 te
570 506 824 563 fllstotuattun
845 508 1022 566 Luuovlct
1044 510 1084 564 xt

296 637 445 709 vencula
470 637 545 709 sola
567 662 724 710 seorsum
743 639 876 711 habere
903 636 1170 737 [colloquium],
1196 666 1264 713 nec
1286 642 1354 734 fas,

161 816 173 833 .,
296 778 411 851 neque
426 755 628 826 honestum.

344 869 451 957 Quod
470 896 551 943 cum
569 871 815 968 hujuscemodi
837 874 953 968 legato
976 897 1186 971 responsum
1215 877 1355 968 suisset,

295 986 511 1059 dixitsenon
521 988 622 1059 aliter'
628 990 671 1081 jn
680 989 856 1060 mandatis
868 1012 889 1060 a
901 1012 982 1084 rege
991 1013 1196 1085 expressum
1205 991 1354 1088 habere,

295 1102 357 1174 sed
374 1102 420 1175 ad
438 1128 557 1199 regem
579 1103 731 1176 libenter
748 1130 785 1177 se
813 1105 1005 1175 missurum
1033 1129 1187 1203 eumque
1204 1107 1359 1205 desuper

294 1219 478 1290 consulere
495 1234 552 1309 nt,
570 1221 620 1291 uti
635 1222 702 1320 ipsi
719 1219 908 1319 optabant,
923 1220 990 1292 sibi
1010 1218 1084 1293 fieri
1100 1223 1268 1319 placeret.
1289 1229 1358 1296 Ex-

293 1337 464 1432 spectavit
480 1337 599 1433 itaque
616 1361 681 1435 per
696 1337 831 1434 aliquot
842 1336 917 1409 dies
926 1336 1109 1429 Gandavi,
1130 1340 1183 1409 sui
1200 1340 1357 1413 reditum

295 1452 409 1522 nuntii
426 1453 627 1550 opperiens,
640 1454 710 1541 Qui
723 1479 806 1524 cum
822 1455 855 1525 ei
867 1454 1074 1526 retulisseta
1090 1455 1210 1552 priore
1223 1459 1357 1556 placito

294 1592 413 1663 regem
430 1568 627 1666 quidquam
637 1570 826 1642 immutare
841 1571 975 1662 nolle¹,
996 1571 1130 1643 bivero
1142 1597 1282 1667 omnes,
1295 1579 1356 1674 qni

293 1683 509 1756 adsistebant
538 1685 770 1783 principissae,
791 1686 983 1783 cunctique
1013 1687 1076 1783 qui
1101 1687 1172 1760 illic
1191 1689 1237 1761 de
1256 1695 1358 1765 terris

292 1800 452 1897 ejusdem
478 1800 644 1892 aderant,
670 1801 739 1873 tale
756 1804 847 1898 regis
863 1803 1056 1901 placitum,
1074 1817 1247 1901 tanquam
1272 1807 1358 1881 irra-

293 1916 463 1989 tionabile
479 1931 515 1988 et
539 1916 767 1987 inhonestum
789 1932 1062 2015 suspectumque
1079 1917 1124 1989 de
1146 1920 1306 2018 nequitia
1323 1940 1358 1995 et

293 2032 393 2126 dolo,
409 2034 720 2132 perhorrescerent
731 2048 838 2130 atque
849 2034 1079 2105 vehementer
1088 2034 1354 2133 improbarent,

293 2164 438 2247 accepta
453 2150 612 2241 lieentia,
629 2149 725 2221 idem
742 2150 877 2244 legatus
893 2149 940 2221 ad
960 2174 1043 2220 eum
1061 2150 1124 2246 qui
1139 2175 1176 2221 se
1192 2153 1354 2243 miserat,

294 2266 426 2337 inlecto
444 2291 589 2366 prorsus
609 2267 772 2361 negotio,
793 2291 953 2338 reversus
971 2282 1022 2338 est
1036 2271 1058 2336 ¹.

342 2383 422 2452 Fuit
447 2396 566 2453 antem
583 2397 617 2452 et
642 2383 709 2453 alia
739 2383 867 2477 legatio
891 2407 934 2453 ex
951 2397 1051 2480 parte
1073 2385 1290 2484 principissae
1321 2403 1356 2457 et

295 2504 458 2572 Statuam
467 2514 790 2571 terrarumsuarum
799 2499 845 2572 ad
851 2524 970 2594 regem
979 2503 1269 2575 transmissa.Cui
1275 2529 1357 2575 cum

295 2642 354 2688 rex
373 2615 462 2686 nihil
475 2616 617 2713 paucis³
628 2640 785 2687 annuere
800 2616 918 2706 vellet,
937 2616 1002 2686 nisi
1020 2615 1130 2689 filiola
1141 2642 1217 2711 sua,
1229 2643 1358 2690 eorum

297 2733 524 2831 principissa,
543 2730 618 2802 filio
637 2757 702 2802 suo
721 2731 1015 2829 desponsaretur,
1039 2732 1303 2831 habereturque
1320 2750 1359 2805 ut

295 2850 471 2944 legitimus
486 2862 583 2920 tutor
595 2847 669 2938 sui,
686 2870 901 2943 suarumque
911 2852 1085 2918 terrarum
1092 2849 1239 2920 tutelam
1252 2861 1360 2944 atque

338 3117 367 3171 l.
389 3116 430 3170 La
447 3111 562 3168 version
580 3108 796 3167 de'Commines
811 3122 853 3166 est
867 3110 931 3187 plus
950 3110 1107 3187 croyable:
1128 3138 1142 3164 ι
1157 3112 1275 3171 Maistre
1293 3113 1359 3172 oti·

298 3208 409 3268 viera...
430 3204 508 3262 avoit
522 3202 705 3260 commission
726 3201 762 3259 de
781 3202 852 3259 faire
873 3207 889 3260 a
910 3204 1121 3263 ruadenroiselle
1133 3206 1170 3264 de
1188 3211 1359 3286 Bourgogne

296 3318 423 3362 aucunes
432 3310 659 3356 remonstrances
671 3300 688 3354 a
698 3308 774 3374 part,
785 3296 855 3354 attin
863 3298 981 3374 qu’elles
990 3319 1022 3357 se
1031 3300 1149 3359 voulsist
1162 3314 1271 3360 mectre
1278 3315 1360 3362 entre

298 3396 339 3454 les
354 3394 446 3452 mains
460 3391 499 3449 du
515 3409 580 3467 roy.
595 3389 662 3447 Cela
674 3389 790 3447 n'estoit
804 3389 885 3468 point
903 3411 934 3449 sa
952 3392 1120 3471 principalle
1132 3393 1261 3473 charge,
1276 3395 1361 3455 catil

299 3487 430 3548 donbtoit
442 3485 509 3543 bien
528 3503 585 3562 que
603 3488 619 3541 a
635 3496 719 3562 grant
734 3484 818 3560 peine
836 3484 856 3541 il
869 3485 1000 3562 pourroit
1012 3487 1108 3563 parler
1120 3489 1138 3544 i
1149 3487 1205 3545 elle
1217 3488 1317 3560 seule,
1332 3501 1361 3549 et

299 3602 373 3662 que,
389 3580 433 3638 s‘il
446 3600 465 3656 y
479 3578 599 3656 parloit,
614 3578 637 3634 si
650 3597 687 3635 ne
701 3578 729 3634 la
747 3577 905 3654 sermon-il
924 3579 1024 3655 guider
1048 3583 1066 3637 a
1086 3598 1121 3638 ce
1139 3580 1209 3657 qu'il
1230 3579 1357 3641 desiroit.

298 3675 371 3734 ttnis
390 3673 410 3730 il
430 3673 508 3730 avoit
525 3669 677 3728 entencion
701 3669 770 3746 qu'il
794 3670 878 3728 remit
896 3671 967 3729 l'aire
987 3676 1005 3730 a
1026 3684 1103 3730 ceste
1127 3673 1196 3731 ville
1214 3672 1252 3730 de
1276 3673 1360 3733 Gend

298 3769 423 3847 quelque
434 3777 519 3845 grant
531 3764 687 3822 mutacion.
699 3789 712 3814 υ
729 3762 811 3835 (liv.
829 3766 863 3833 t,
877 3763 961 3843 cbap.
979 3770 1054 3838 nv.)
1065 3769 1108 3824 En
1124 3766 1192 3824 esset
1205 3766 1225 3823 il
1238 3766 1307 3825 etait
1320 3765 1360 3827 du

299 3882 385 3943 pays,
402 3862 440 3917 ne
455 3859 577 3917 aThielt
594 3860 660 3936 pres
677 3856 714 3915 de
727 3859 873 3930 Courtrai,
889 3873 918 3920 et
936 3861 1054 3937 pouteit
1065 3860 1159 3919 croire
1179 3860 1249 3937 qu’il
1268 3861 1361 3920 aurait

299 3953 424 4032 quelque
437 3950 532 4010 action
548 3970 597 4008 sur
610 3951 637 4008 la
654 3949 815 4009 multitude.

339 4050 367 4106 2.
392 4045 477 4106 Selon
493 4044 670 4116 commines,
684 4044 705 4102 il
718 4044 834 4103 s'euhiit
851 4045 888 4104 dc
900 4047 985 4107 Geud
999 4069 1073 4125 ponr
1085 4049 1157 4107 aller
1174 4051 1191 4105 'a
1211 4051 1358 4126 Toumay,

300 4143 370 4201 doru
385 4143 404 4199 il
418 4161 557 4199 conserva
571 4142 598 4199 la
611 4140 772 4220 possession
785 4144 801 4198 a
816 4141 843 4199 la
858 4144 975 4202 Franci.

341 4242 369 4296 3.
392 4241 464 4295 Sans
478 4234 565 4292 doute
572 4256 698 4311 praestes.
