<?xml version="1.0" encoding="UTF-8"?>
<!DOCTYPE html PUBLIC "-//W3C//DTD XHTML 1.0 Transitional//EN"
    "http://www.w3.org/TR/xhtml1/DTD/xhtml1-transitional.dtd">
<html xmlns="http://www.w3.org/1999/xhtml" xml:lang="en" lang="en">
 <head>
  <title>
</title>
<meta http-equiv="Content-Type" content="text/html;charset=utf-8" />
  <meta name='ocr-system' content='tesseract 3.04.00' />
  <meta name='ocr-capabilities' content='ocr_page ocr_carea ocr_par ocr_line ocrx_word'/>
</head>
<body>
  <div class='ocr_page' id='page_1' title='image "./histoiredesrgne00amelgoog_0345.png"; bbox 0 0 2946 5070; ppageno 0'>
   <div class='ocr_carea' id='block_1_1' title="bbox 198 503 828 581">
    <p class='ocr_par' dir='ltr' id='par_1_1' title="bbox 198 503 828 581">
     <span class='ocr_line' id='line_1_1' title="bbox 198 503 828 581; baseline -0.017 -5"><span class='ocrx_word' id='word_1_1' title='bbox 198 518 257 576; x_wconf 77' lang='lat' dir='ltr'>teu</span> <span class='ocrx_word' id='word_1_2' title='bbox 623 503 828 581; x_wconf 68' lang='lat' dir='ltr'>ss’OiMld,</span> 
     </span>
    </p>
   </div>
   <div class='ocr_carea' id='block_1_2' title="bbox 199 633 1260 956">
    <p class='ocr_par' dir='ltr' id='par_1_2' title="bbox 199 633 1260 956">
     <span class='ocr_line' id='line_1_2' title="bbox 199 633 1260 737; baseline -0.013 -15"><span class='ocrx_word' id='word_1_3' title='bbox 199 647 431 722; x_wconf 76' lang='lat' dir='ltr'>inconstanti</span> <span class='ocrx_word' id='word_1_4' title='bbox 447 662 531 717; x_wconf 80' lang='lat' dir='ltr'>catu</span> <span class='ocrx_word' id='word_1_5' title='bbox 547 643 702 715; x_wconf 79' lang='lat' dir='ltr'>lactttrus</span> <span class='ocrx_word' id='word_1_6' title='bbox 717 634 824 731; x_wconf 84' lang='lat' dir='ltr'>ieret,</span> <span class='ocrx_word' id='word_1_7' title='bbox 843 654 884 709; x_wconf 91' lang='lat' dir='ltr'>ut</span> <span class='ocrx_word' id='word_1_8' title='bbox 896 638 1075 737; x_wconf 80' lang='lat' dir='ltr'>protinus,</span> <span class='ocrx_word' id='word_1_9' title='bbox 1095 636 1196 709; x_wconf 73' lang='lat' dir='ltr'>nulla</span> <span class='ocrx_word' id='word_1_10' title='bbox 1210 633 1260 708; x_wconf 88' lang='lat' dir='ltr'>ul·</span> 
     </span>
     <span class='ocr_line' id='line_1_3' title="bbox 200 754 1260 862; baseline -0.016 -24"><span class='ocrx_word' id='word_1_11' title='bbox 200 769 308 841; x_wconf 86' lang='lat' dir='ltr'>terius</span> <span class='ocrx_word' id='word_1_12' title='bbox 329 764 375 836; x_wconf 93' lang='lat' dir='ltr'>de</span> <span class='ocrx_word' id='word_1_13' title='bbox 399 762 570 862; x_wconf 77' lang='lat' dir='ltr'>pensione</span> <span class='ocrx_word' id='word_1_14' title='bbox 592 759 684 834; x_wconf 81' lang='lat' dir='ltr'>lactu</span> <span class='ocrx_word' id='word_1_15' title='bbox 709 757 913 850; x_wconf 75' lang='lat' dir='ltr'><strong>mentione,</strong></span> <span class='ocrx_word' id='word_1_16' title='bbox 938 756 1074 830; x_wconf 71' lang='lat' dir='ltr'>noenu</span> <span class='ocrx_word' id='word_1_17' title='bbox 1101 754 1260 850; x_wconf 78' lang='lat' dir='ltr'>indigna·</span> 
     </span>
     <span class='ocr_line' id='line_1_4' title="bbox 202 880 527 956; baseline -0.022 -1"><span class='ocrx_word' id='word_1_18' title='bbox 202 883 290 956; x_wconf 90' lang='lat' dir='ltr'>tioni</span> <span class='ocrx_word' id='word_1_19' title='bbox 306 880 527 953; x_wconf 78' lang='lat' dir='ltr'><strong>cederemus.</strong></span> 
     </span>
    </p>
   </div>
   <div class='ocr_carea' id='block_1_3' title="bbox 551 1256 906 1337">
    <p class='ocr_par' dir='ltr' id='par_1_3' title="bbox 551 1256 906 1337">
     <span class='ocr_line' id='line_1_5' title="bbox 551 1256 906 1337; baseline -0.017 -4"><span class='ocrx_word' id='word_1_20' title='bbox 551 1256 806 1337; x_wconf 77' lang='lat' dir='ltr'>ctetrutun</span> <span class='ocrx_word' id='word_1_21' title='bbox 831 1259 906 1328; x_wconf 84' lang='lat' dir='ltr'>Xll.</span> 
     </span>
    </p>
   </div>
   <div class='ocr_carea' id='block_1_4' title="bbox 254 1461 1212 1543">
    <p class='ocr_par' dir='ltr' id='par_1_4' title="bbox 254 1461 1212 1543">
     <span class='ocr_line' id='line_1_6' title="bbox 254 1461 1212 1543; baseline -0.014 -15"><span class='ocrx_word' id='word_1_22' title='bbox 254 1476 293 1528; x_wconf 82' lang='lat' dir='ltr'>De</span> <span class='ocrx_word' id='word_1_23' title='bbox 303 1469 473 1543; x_wconf 74' lang='lat' dir='ltr'>expeditione</span> <span class='ocrx_word' id='word_1_24' title='bbox 484 1480 575 1524; x_wconf 73' lang='lat' dir='ltr'>norm</span> <span class='ocrx_word' id='word_1_25' title='bbox 586 1469 614 1522; x_wconf 87' lang='lat' dir='ltr'>iu</span> <span class='ocrx_word' id='word_1_26' title='bbox 628 1467 703 1522; x_wconf 80' lang='lat' dir='ltr'>curia</span> <span class='ocrx_word' id='word_1_27' title='bbox 714 1465 783 1541; x_wconf 76' lang='lat' dir='ltr'>regis</span> <span class='ocrx_word' id='word_1_28' title='bbox 794 1476 819 1520; x_wconf 83' lang='lat' dir='ltr'>et</span> <span class='ocrx_word' id='word_1_29' title='bbox 832 1463 999 1538; x_wconf 78' lang='lat' dir='ltr'>protectione</span> <span class='ocrx_word' id='word_1_30' title='bbox 1010 1461 1212 1535; x_wconf 69' lang='lat' dir='ltr'>Papirium</span> 
     </span>
    </p>
   </div>
   <div class='ocr_carea' id='block_1_5' title="bbox 200 1669 1277 4323">
    <p class='ocr_par' dir='ltr' id='par_1_5' title="bbox 200 1669 1265 2123">
     <span class='ocr_line' id='line_1_7' title="bbox 249 1669 1264 1775; baseline -0.009 -25"><span class='ocrx_word' id='word_1_31' title='bbox 249 1679 358 1775; x_wconf 86' lang='lat' dir='ltr'>Cujus</span> <span class='ocrx_word' id='word_1_32' title='bbox 372 1692 542 1772; x_wconf 82' lang='lat' dir='ltr'><strong>tanquam</strong></span> <span class='ocrx_word' id='word_1_33' title='bbox 555 1677 710 1749; x_wconf 79' lang='lat' dir='ltr'>maxime</span> <span class='ocrx_word' id='word_1_34' title='bbox 726 1688 970 1773; x_wconf 87' lang='lat' dir='ltr'>opportunum</span> <span class='ocrx_word' id='word_1_35' title='bbox 984 1669 1264 1767; x_wconf 72' lang='lat' dir='ltr'>urna-nobisque</span> 
     </span>
     <span class='ocr_line' id='line_1_8' title="bbox 200 1788 1264 1895; baseline -0.008 -29"><span class='ocrx_word' id='word_1_36' title='bbox 200 1796 349 1895; x_wconf 85' lang='lat' dir='ltr'>perutile</span> <span class='ocrx_word' id='word_1_37' title='bbox 361 1794 550 1865; x_wconf 91' lang='lat' dir='ltr'>consilium</span> <span class='ocrx_word' id='word_1_38' title='bbox 559 1792 711 1864; x_wconf 84' lang='lat' dir='ltr'>libenter</span> <span class='ocrx_word' id='word_1_39' title='bbox 720 1792 885 1889; x_wconf 87' lang='lat' dir='ltr'>amplecti</span> <span class='ocrx_word' id='word_1_40' title='bbox 899 1791 1115 1864; x_wconf 85' lang='lat' dir='ltr'>studuimus.</span> <span class='ocrx_word' id='word_1_41' title='bbox 1132 1793 1178 1859; x_wconf 89' lang='lat' dir='ltr'>Et</span> <span class='ocrx_word' id='word_1_42' title='bbox 1191 1788 1264 1886; x_wconf 81' lang='lat' dir='ltr'>ipso</span> 
     </span>
     <span class='ocr_line' id='line_1_9' title="bbox 202 1902 1265 2008; baseline -0.008 -24"><span class='ocrx_word' id='word_1_43' title='bbox 202 1913 274 2004; x_wconf 88' lang='lat' dir='ltr'>die,</span> <span class='ocrx_word' id='word_1_44' title='bbox 293 1912 459 2008; x_wconf 81' lang='lat' dir='ltr'>injuriam</span> <span class='ocrx_word' id='word_1_45' title='bbox 475 1908 684 2006; x_wconf 84' lang='lat' dir='ltr'>hujusmodi</span> <span class='ocrx_word' id='word_1_46' title='bbox 698 1909 872 2007; x_wconf 77' lang='lat' dir='ltr'>patienter</span> <span class='ocrx_word' id='word_1_47' title='bbox 887 1906 1052 1999; x_wconf 81' lang='lat' dir='ltr'>ferentes,</span> <span class='ocrx_word' id='word_1_48' title='bbox 1071 1908 1140 1977; x_wconf 87' lang='lat' dir='ltr'>iter</span> <span class='ocrx_word' id='word_1_49' title='bbox 1157 1902 1265 1976; x_wconf 93' lang='lat' dir='ltr'>eundi</span> 
     </span>
     <span class='ocr_line' id='line_1_10' title="bbox 202 2025 706 2123; baseline -0.006 -26"><span class='ocrx_word' id='word_1_50' title='bbox 202 2027 457 2123; x_wconf 87' lang='lat' dir='ltr'>Perpinianum</span> <span class='ocrx_word' id='word_1_51' title='bbox 481 2025 706 2122; x_wconf 86' lang='lat' dir='ltr'>arripuimus.</span> 
     </span>
    </p>

    <p class='ocr_par' dir='ltr' id='par_1_6' title="bbox 205 2137 1273 3503">
     <span class='ocr_line' id='line_1_11' title="bbox 252 2137 1267 2237; baseline -0.002 -27"><span class='ocrx_word' id='word_1_52' title='bbox 252 2144 334 2211; x_wconf 83' lang='lat' dir='ltr'>Haec</span> <span class='ocrx_word' id='word_1_53' title='bbox 351 2139 416 2212; x_wconf 85' lang='lat' dir='ltr'>suit</span> <span class='ocrx_word' id='word_1_54' title='bbox 439 2140 527 2217; x_wconf 82' lang='lat' dir='ltr'>fides</span> <span class='ocrx_word' id='word_1_55' title='bbox 549 2139 806 2237; x_wconf 88' lang='lat' dir='ltr'>promissarum</span> <span class='ocrx_word' id='word_1_56' title='bbox 829 2137 1059 2210; x_wconf 73' lang='lat' dir='ltr'>securitatum</span> <span class='ocrx_word' id='word_1_57' title='bbox 1080 2151 1118 2208; x_wconf 86' lang='lat' dir='ltr'>et</span> <span class='ocrx_word' id='word_1_58' title='bbox 1134 2137 1267 2209; x_wconf 87' lang='lat' dir='ltr'>solem·</span> 
     </span>
     <span class='ocr_line' id='line_1_12' title="bbox 205 2249 1268 2353; baseline -0.005 -27"><span class='ocrx_word' id='word_1_59' title='bbox 205 2256 297 2326; x_wconf 89' lang='lat' dir='ltr'>niter</span> <span class='ocrx_word' id='word_1_60' title='bbox 321 2279 410 2325; x_wconf 83' lang='lat' dir='ltr'>voce</span> <span class='ocrx_word' id='word_1_61' title='bbox 429 2255 629 2353; x_wconf 67' lang='lat' dir='ltr'>praeconia,</span> <span class='ocrx_word' id='word_1_62' title='bbox 656 2252 929 2351; x_wconf 72' lang='lat' dir='ltr'>praecinentibus</span> <span class='ocrx_word' id='word_1_63' title='bbox 951 2250 1065 2344; x_wconf 79' lang='lat' dir='ltr'>urbis,</span> <span class='ocrx_word' id='word_1_64' title='bbox 1089 2249 1127 2321; x_wconf 91' lang='lat' dir='ltr'>in</span> <span class='ocrx_word' id='word_1_65' title='bbox 1146 2253 1221 2322; x_wconf 83' lang='lat' dir='ltr'>vim</span> <span class='ocrx_word' id='word_1_66' title='bbox 1235 2265 1268 2322; x_wconf 82' lang='lat' dir='ltr'>st</span> 
     </span>
     <span class='ocr_line' id='line_1_13' title="bbox 205 2365 1269 2464; baseline 0.001 -27"><span class='ocrx_word' id='word_1_67' title='bbox 205 2367 317 2439; x_wconf 91' lang='lat' dir='ltr'>robur</span> <span class='ocrx_word' id='word_1_68' title='bbox 332 2368 531 2439; x_wconf 89' lang='lat' dir='ltr'>edictomm</span> <span class='ocrx_word' id='word_1_69' title='bbox 547 2368 718 2463; x_wconf 87' lang='lat' dir='ltr'>regalium</span> <span class='ocrx_word' id='word_1_70' title='bbox 738 2367 869 2464; x_wconf 89' lang='lat' dir='ltr'>ubique</span> <span class='ocrx_word' id='word_1_71' title='bbox 890 2365 1170 2464; x_wconf 67' lang='lat' dir='ltr'>publicatam,</span> <span class='ocrx_word' id='word_1_72' title='bbox 1191 2366 1269 2438; x_wconf 82' lang='lat' dir='ltr'>alia·</span> 
     </span>
     <span class='ocr_line' id='line_1_14' title="bbox 207 2481 1267 2581; baseline -0.001 -27"><span class='ocrx_word' id='word_1_73' title='bbox 207 2508 359 2580; x_wconf 89' lang='lat' dir='ltr'>mmque</span> <span class='ocrx_word' id='word_1_74' title='bbox 379 2483 677 2581; x_wconf 80' lang='lat' dir='ltr'>pollicitationum</span> <span class='ocrx_word' id='word_1_75' title='bbox 701 2483 747 2556; x_wconf 87' lang='lat' dir='ltr'>de</span> <span class='ocrx_word' id='word_1_76' title='bbox 772 2483 1022 2556; x_wconf 88' lang='lat' dir='ltr'>constituenda</span> <span class='ocrx_word' id='word_1_77' title='bbox 1044 2481 1154 2554; x_wconf 89' lang='lat' dir='ltr'>nobis</span> <span class='ocrx_word' id='word_1_78' title='bbox 1181 2506 1267 2580; x_wconf 84' lang='lat' dir='ltr'>pen·</span> 
     </span>
     <span class='ocr_line' id='line_1_15' title="bbox 207 2597 1270 2697; baseline -0.002 -26"><span class='ocrx_word' id='word_1_79' title='bbox 207 2601 307 2671; x_wconf 86' lang='lat' dir='ltr'>sione</span> <span class='ocrx_word' id='word_1_80' title='bbox 327 2597 561 2697; x_wconf 90' lang='lat' dir='ltr'>postmodum</span> <span class='ocrx_word' id='word_1_81' title='bbox 579 2597 772 2690; x_wconf 75' lang='lat' dir='ltr'>lactarum3</span> <span class='ocrx_word' id='word_1_82' title='bbox 789 2599 865 2670; x_wconf 88' lang='lat' dir='ltr'>haec</span> <span class='ocrx_word' id='word_1_83' title='bbox 881 2598 1095 2690; x_wconf 84' lang='lat' dir='ltr'>clementia,</span> <span class='ocrx_word' id='word_1_84' title='bbox 1117 2597 1195 2670; x_wconf 83' lang='lat' dir='ltr'>lraeo</span> <span class='ocrx_word' id='word_1_85' title='bbox 1209 2597 1270 2669; x_wconf 87' lang='lat' dir='ltr'>hu·</span> 
     </span>
     <span class='ocr_line' id='line_1_16' title="bbox 210 2708 1270 2816; baseline 0 -31"><span class='ocrx_word' id='word_1_86' title='bbox 210 2716 362 2786; x_wconf 84' lang='lat' dir='ltr'>manitas</span> <span class='ocrx_word' id='word_1_87' title='bbox 390 2712 480 2809; x_wconf 86' lang='lat' dir='ltr'>regis</span> <span class='ocrx_word' id='word_1_88' title='bbox 506 2736 590 2809; x_wconf 85' lang='lat' dir='ltr'>erga</span> <span class='ocrx_word' id='word_1_89' title='bbox 619 2733 686 2816; x_wconf 87' lang='lat' dir='ltr'>nos</span> <span class='ocrx_word' id='word_1_90' title='bbox 714 2708 791 2786; x_wconf 83' lang='lat' dir='ltr'>lirit.</span> <span class='ocrx_word' id='word_1_91' title='bbox 820 2717 976 2799; x_wconf 87' lang='lat' dir='ltr'>Verum,</span> <span class='ocrx_word' id='word_1_92' title='bbox 998 2716 1077 2784; x_wconf 87' lang='lat' dir='ltr'>Deo</span> <span class='ocrx_word' id='word_1_93' title='bbox 1103 2737 1180 2784; x_wconf 91' lang='lat' dir='ltr'>non</span> <span class='ocrx_word' id='word_1_94' title='bbox 1209 2737 1270 2785; x_wconf 87' lang='lat' dir='ltr'>nos</span> 
     </span>
     <span class='ocr_line' id='line_1_17' title="bbox 210 2827 1270 2925; baseline 0.001 -25"><span class='ocrx_word' id='word_1_95' title='bbox 210 2828 412 2921; x_wconf 83' lang='lat' dir='ltr'>deserente,</span> <span class='ocrx_word' id='word_1_96' title='bbox 435 2827 497 2898; x_wconf 87' lang='lat' dir='ltr'>sed</span> <span class='ocrx_word' id='word_1_97' title='bbox 514 2851 655 2925; x_wconf 84' lang='lat' dir='ltr'>semper</span> <span class='ocrx_word' id='word_1_98' title='bbox 671 2853 736 2901; x_wconf 87' lang='lat' dir='ltr'>sua</span> <span class='ocrx_word' id='word_1_99' title='bbox 751 2827 993 2900; x_wconf 84' lang='lat' dir='ltr'>misericordia</span> <span class='ocrx_word' id='word_1_100' title='bbox 1007 2842 1044 2900; x_wconf 88' lang='lat' dir='ltr'>et</span> <span class='ocrx_word' id='word_1_101' title='bbox 1066 2827 1270 2924; x_wconf 79' lang='lat' dir='ltr'>dignatione</span> 
     </span>
     <span class='ocr_line' id='line_1_18' title="bbox 212 2942 1270 3040; baseline 0.001 -24"><span class='ocrx_word' id='word_1_102' title='bbox 212 2946 436 3023; x_wconf 75' lang='lat' dir='ltr'>confortante</span> <span class='ocrx_word' id='word_1_103' title='bbox 461 2957 496 3015; x_wconf 90' lang='lat' dir='ltr'>et</span> <span class='ocrx_word' id='word_1_104' title='bbox 518 2943 725 3016; x_wconf 83' lang='lat' dir='ltr'>consolante</span> <span class='ocrx_word' id='word_1_105' title='bbox 749 2969 836 3035; x_wconf 85' lang='lat' dir='ltr'>nos,</span> <span class='ocrx_word' id='word_1_106' title='bbox 859 2965 1007 3016; x_wconf 89' lang='lat' dir='ltr'>omnem</span> <span class='ocrx_word' id='word_1_107' title='bbox 1022 2942 1270 3040; x_wconf 87' lang='lat' dir='ltr'>hujuscemodi</span> 
     </span>
     <span class='ocr_line' id='line_1_19' title="bbox 210 3058 1271 3158; baseline 0.001 -28"><span class='ocrx_word' id='word_1_108' title='bbox 210 3061 380 3154; x_wconf 81' lang='lat' dir='ltr'>injuriam</span> <span class='ocrx_word' id='word_1_109' title='bbox 397 3059 571 3155; x_wconf 84' lang='lat' dir='ltr'>patienter</span> <span class='ocrx_word' id='word_1_110' title='bbox 588 3073 625 3129; x_wconf 89' lang='lat' dir='ltr'>et</span> <span class='ocrx_word' id='word_1_111' title='bbox 641 3058 780 3138; x_wconf 82' lang='lat' dir='ltr'>sortiter.</span> <span class='ocrx_word' id='word_1_112' title='bbox 796 3059 968 3150; x_wconf 72' lang='lat' dir='ltr'>tulimus3</span> <span class='ocrx_word' id='word_1_113' title='bbox 991 3060 1271 3158; x_wconf 84' lang='lat' dir='ltr'>continuatoque</span> 
     </span>
     <span class='ocr_line' id='line_1_20' title="bbox 215 3174 1272 3274; baseline 0.006 -30"><span class='ocrx_word' id='word_1_114' title='bbox 215 3198 279 3273; x_wconf 91' lang='lat' dir='ltr'>per</span> <span class='ocrx_word' id='word_1_115' title='bbox 295 3175 473 3268; x_wconf 81' lang='lat' dir='ltr'>integrum</span> <span class='ocrx_word' id='word_1_116' title='bbox 498 3174 607 3247; x_wconf 86' lang='lat' dir='ltr'>ferme</span> <span class='ocrx_word' id='word_1_117' title='bbox 630 3198 789 3247; x_wconf 85' lang='lat' dir='ltr'>mensem</span> <span class='ocrx_word' id='word_1_118' title='bbox 817 3175 962 3269; x_wconf 83' lang='lat' dir='ltr'>itinere,</span> <span class='ocrx_word' id='word_1_119' title='bbox 992 3176 1044 3248; x_wconf 89' lang='lat' dir='ltr'>sio</span> <span class='ocrx_word' id='word_1_120' title='bbox 1065 3174 1223 3274; x_wconf 85' lang='lat' dir='ltr'>benigne</span> <span class='ocrx_word' id='word_1_121' title='bbox 1241 3191 1272 3249; x_wconf 87' lang='lat' dir='ltr'>et</span> 
     </span>
     <span class='ocr_line' id='line_1_21' title="bbox 215 3289 1273 3394; baseline 0.007 -35"><span class='ocrx_word' id='word_1_122' title='bbox 215 3289 421 3380; x_wconf 86' lang='lat' dir='ltr'>humaniter</span> <span class='ocrx_word' id='word_1_123' title='bbox 463 3289 639 3386; x_wconf 82' lang='lat' dir='ltr'>expediti,</span> <span class='ocrx_word' id='word_1_124' title='bbox 679 3291 932 3388; x_wconf 85' lang='lat' dir='ltr'>Perpinianum</span> <span class='ocrx_word' id='word_1_125' title='bbox 974 3291 1123 3365; x_wconf 71' lang='lat' dir='ltr'>undem</span> <span class='ocrx_word' id='word_1_126' title='bbox 1165 3294 1273 3394; x_wconf 84' lang='lat' dir='ltr'>appli-</span> 
     </span>
     <span class='ocr_line' id='line_1_22' title="bbox 216 3431 367 3503; baseline -0.007 -26"><span class='ocrx_word' id='word_1_127' title='bbox 216 3431 367 3503; x_wconf 76' lang='lat' dir='ltr'>carmus.</span> 
     </span>
    </p>

    <p class='ocr_par' dir='ltr' id='par_1_7' title="bbox 220 3520 1277 4323">
     <span class='ocr_line' id='line_1_23' title="bbox 266 3520 1274 3626; baseline 0.009 -35"><span class='ocrx_word' id='word_1_128' title='bbox 266 3520 510 3595; x_wconf 85' lang='lat' dir='ltr'>Habitavimus</span> <span class='ocrx_word' id='word_1_129' title='bbox 538 3537 658 3595; x_wconf 85' lang='lat' dir='ltr'>autem</span> <span class='ocrx_word' id='word_1_130' title='bbox 683 3523 754 3596; x_wconf 86' lang='lat' dir='ltr'>illic</span> <span class='ocrx_word' id='word_1_131' title='bbox 781 3548 846 3622; x_wconf 92' lang='lat' dir='ltr'>per</span> <span class='ocrx_word' id='word_1_132' title='bbox 875 3548 1014 3598; x_wconf 89' lang='lat' dir='ltr'>annum</span> <span class='ocrx_word' id='word_1_133' title='bbox 1038 3529 1219 3626; x_wconf 77' lang='lat' dir='ltr'>integrum</span> <span class='ocrx_word' id='word_1_134' title='bbox 1243 3538 1274 3600; x_wconf 87' lang='lat' dir='ltr'>et</span> 
     </span>
     <span class='ocr_line' id='line_1_24' title="bbox 220 3637 1275 3735; baseline 0.011 -28"><span class='ocrx_word' id='word_1_135' title='bbox 220 3662 332 3735; x_wconf 88' lang='lat' dir='ltr'>prope</span> <span class='ocrx_word' id='word_1_136' title='bbox 354 3637 446 3709; x_wconf 92' lang='lat' dir='ltr'>duos</span> <span class='ocrx_word' id='word_1_137' title='bbox 473 3663 632 3732; x_wconf 87' lang='lat' dir='ltr'>meuses,</span> <span class='ocrx_word' id='word_1_138' title='bbox 659 3639 858 3712; x_wconf 83' lang='lat' dir='ltr'>exercendo</span> <span class='ocrx_word' id='word_1_139' title='bbox 878 3640 1040 3714; x_wconf 88' lang='lat' dir='ltr'>officium</span> <span class='ocrx_word' id='word_1_140' title='bbox 1060 3646 1275 3718; x_wconf 79' lang='lat' dir='ltr'>cancellaria</span> 
     </span>
     <span class='ocr_line' id='line_1_25' title="bbox 221 3752 1274 3860; baseline 0.011 -38"><span class='ocrx_word' id='word_1_141' title='bbox 221 3753 257 3822; x_wconf 88' lang='lat' dir='ltr'>in</span> <span class='ocrx_word' id='word_1_142' title='bbox 279 3752 505 3824; x_wconf 88' lang='lat' dir='ltr'>comitatibus</span> <span class='ocrx_word' id='word_1_143' title='bbox 517 3752 723 3825; x_wconf 84' lang='lat' dir='ltr'>Rossilionis</span> <span class='ocrx_word' id='word_1_144' title='bbox 734 3768 771 3827; x_wconf 91' lang='lat' dir='ltr'>et</span> <span class='ocrx_word' id='word_1_145' title='bbox 783 3755 988 3848; x_wconf 75' lang='lat' dir='ltr'>Ceritaniae3</span> <span class='ocrx_word' id='word_1_146' title='bbox 1007 3761 1071 3855; x_wconf 86' lang='lat' dir='ltr'>qui</span> <span class='ocrx_word' id='word_1_147' title='bbox 1083 3777 1171 3833; x_wconf 73' lang='lat' dir='ltr'>saint</span> <span class='ocrx_word' id='word_1_148' title='bbox 1185 3786 1274 3860; x_wconf 75' lang='lat' dir='ltr'>quse·</span> 
     </span>
     <span class='ocr_line' id='line_1_26' title="bbox 220 3864 1277 3972; baseline 0.013 -35"><span class='ocrx_word' id='word_1_149' title='bbox 220 3866 305 3940; x_wconf 81' lang='lat' dir='ltr'>dam</span> <span class='ocrx_word' id='word_1_150' title='bbox 326 3864 487 3938; x_wconf 89' lang='lat' dir='ltr'>membra</span> <span class='ocrx_word' id='word_1_151' title='bbox 512 3868 729 3966; x_wconf 87' lang='lat' dir='ltr'>principatus</span> <span class='ocrx_word' id='word_1_152' title='bbox 755 3871 964 3964; x_wconf 59' lang='lat' dir='ltr'>cimona,</span> <span class='ocrx_word' id='word_1_153' title='bbox 996 3872 1060 3946; x_wconf 80' lang='lat' dir='ltr'>aed</span> <span class='ocrx_word' id='word_1_154' title='bbox 1090 3890 1181 3949; x_wconf 74' lang='lat' dir='ltr'>nanc</span> <span class='ocrx_word' id='word_1_155' title='bbox 1210 3874 1277 3972; x_wconf 56' lang='grc' dir='ltr'>νεῴ</span> 
     </span>
     <span class='ocr_line' id='line_1_27' title="bbox 221 3981 1277 4091; baseline 0.012 -39"><span class='ocrx_word' id='word_1_156' title='bbox 221 3987 439 4058; x_wconf 84' lang='lat' dir='ltr'>Francorum</span> <span class='ocrx_word' id='word_1_157' title='bbox 462 3981 646 4080; x_wconf 88' lang='lat' dir='ltr'>parebant.</span> <span class='ocrx_word' id='word_1_158' title='bbox 675 3988 716 4055; x_wconf 91' lang='lat' dir='ltr'>ln</span> <span class='ocrx_word' id='word_1_159' title='bbox 739 3985 840 4081; x_wconf 86' lang='lat' dir='ltr'>cujus</span> <span class='ocrx_word' id='word_1_160' title='bbox 859 3989 1027 4061; x_wconf 75' lang='lat' dir='ltr'>exercitio</span> <span class='ocrx_word' id='word_1_161' title='bbox 1046 3989 1085 4061; x_wconf 95' lang='lat' dir='ltr'>id</span> <span class='ocrx_word' id='word_1_162' title='bbox 1102 4015 1173 4064; x_wconf 82' lang='lat' dir='ltr'>nos</span> <span class='ocrx_word' id='word_1_163' title='bbox 1192 4014 1277 4091; x_wconf 76' lang='lat' dir='ltr'>pre-</span> 
     </span>
     <span class='ocr_line' id='line_1_28' title="bbox 220 4096 1277 4199; baseline 0.013 -31"><span class='ocrx_word' id='word_1_164' title='bbox 220 4099 325 4194; x_wconf 88' lang='lat' dir='ltr'>cipue</span> <span class='ocrx_word' id='word_1_165' title='bbox 354 4096 550 4171; x_wconf 86' lang='lat' dir='ltr'>delectabat</span> <span class='ocrx_word' id='word_1_166' title='bbox 576 4112 612 4171; x_wconf 87' lang='lat' dir='ltr'>et</span> <span class='ocrx_word' id='word_1_167' title='bbox 643 4118 718 4172; x_wconf 88' lang='lat' dir='ltr'>non</span> <span class='ocrx_word' id='word_1_168' title='bbox 745 4125 873 4199; x_wconf 85' lang='lat' dir='ltr'>parum</span> <span class='ocrx_word' id='word_1_169' title='bbox 903 4118 1068 4178; x_wconf 87' lang='lat' dir='ltr'>nostrum</span> <span class='ocrx_word' id='word_1_170' title='bbox 1099 4106 1277 4181; x_wconf 75' lang='lat' dir='ltr'>sohbatur</span> 
     </span>
     <span class='ocr_line' id='line_1_29' title="bbox 221 4212 1277 4323; baseline 0.012 -40"><span class='ocrx_word' id='word_1_171' title='bbox 221 4212 400 4304; x_wconf 80' lang='lat' dir='ltr'>exsilium,</span> <span class='ocrx_word' id='word_1_172' title='bbox 424 4212 543 4309; x_wconf 87' lang='lat' dir='ltr'>quod,</span> <span class='ocrx_word' id='word_1_173' title='bbox 565 4212 770 4290; x_wconf 78' lang='lat' dir='ltr'>exhibendo</span> <span class='ocrx_word' id='word_1_174' title='bbox 794 4242 862 4316; x_wconf 78' lang='lat' dir='ltr'>pm</span> <span class='ocrx_word' id='word_1_175' title='bbox 880 4223 1120 4299; x_wconf 56' lang='lat' dir='ltr'>minwanda</span> <span class='ocrx_word' id='word_1_176' title='bbox 1147 4225 1277 4323; x_wconf 77' lang='lat' dir='ltr'>justius</span> 
     </span>
    </p>
   </div>
   <div class='ocr_carea' id='block_1_6' title="bbox 0 0 1508 5070">
    <p class='ocr_par' dir='ltr' id='par_1_8' title="bbox 0 0 1508 5070">
     <span class='ocr_line' id='line_1_30' title="bbox 0 0 1508 5070; baseline 0 0"><span class='ocrx_word' id='word_1_177' title='bbox 0 0 1508 5070; x_wconf 95' lang='lat' dir='ltr'> </span> 
     </span>
    </p>
   </div>
  </div>
 </body>
</html>
