2946 5070
576 460 689 520 URBE
716 460 908 519 summis.
1216 464 1270 521 {ct

206 593 351 667 civitate
366 607 469 665 erant
483 616 624 665 summo
637 591 723 665 odio
741 616 847 665 suum
863 592 1071 691 episcopum
1087 592 1272 689 babentes,

207 708 423 784 sufficientes
437 709 565 805 vigilie
580 709 638 782 vel
654 708 820 782 custodes
832 707 985 784 adhibiti
1001 709 1156 784 luerunt.
1171 713 1274 786 Unde

204 825 348 898 exitiale
364 826 500 899 malum
517 826 684 925 prouenit
700 824 845 900 civitati.

254 941 357 1014 Feria
368 940 546 1038 siquidem
560 955 699 1038 quarta,
712 965 792 1039 quae
802 952 879 1014 erat
888 939 965 1014 dies
977 941 1128 1040 septima
1138 946 1225 1019 maii
1239 963 1275 1021 et

204 1054 325 1153 vigilia
336 1057 560 1132 decensionis
574 1056 775 1148 dominico,
791 1057 889 1130 dicto
905 1081 1004 1130 auno
1015 1081 1271 1159 uccccumru,

205 1171 252 1246 de
277 1187 383 1245 nocte
394 1175 417 1265 ¹,
437 1173 532 1245 circa
549 1173 680 1246 horam
699 1173 895 1247 secundam
915 1187 998 1272 post
1012 1174 1169 1251 mediam
1188 1203 1274 1252 uoc-

204 1302 299 1382 tcm,
317 1290 492 1361 irruentes
506 1288 578 1361 illio
597 1289 771 1362 Heuricus
793 1288 839 1361 de
868 1287 1037 1364 Nrevelde
1057 1305 1094 1363 et
1109 1294 1274 1368 satellites

202 1428 296 1504 quos
312 1405 359 1481 de
379 1420 473 1480 terra
487 1407 698 1479 Clivensiet
714 1406 954 1480 dmemlordia
974 1432 1096 1482 secum
1114 1410 1273 1485 adduxe·

203 1538 272 1617 rat,
293 1523 491 1613 neminem,
510 1523 573 1622 qui
589 1546 656 1622 prc
675 1522 884 1596 defensioue
899 1538 1008 1598 staret
1022 1525 1060 1598 in
1076 1527 1270 1624 moenibus,

201 1641 430 1714 invenerunt.
465 1639 569 1711 Unde
599 1639 701 1712 facile
733 1637 888 1713 admotis
914 1641 1017 1714 scalis
1044 1631 1092 1715 ad
1119 1668 1269 1739 muros,

203 1754 398 1849 obsistente
411 1754 525 1848 nullo,
537 1753 788 1828 transcendere
802 1781 924 1829 muros
936 1771 1142 1856 potucnmt.
1157 1761 1274 1859 Equi·

200 1870 273 1946 bus
297 1896 383 1961 cum
409 1871 575 1944 modicus
603 1895 775 1947 uumerus
794 1874 890 1945 intro
918 1874 1097 1947 civitatem
1124 1876 1271 1951 descen·

201 1987 334 2079 disset,
356 1986 467 2060 fertur
489 1986 589 2085 quod
613 1988 808 2085 quamdam
831 1977 1183 2090 portam'parvulam
1207 2017 1269 2068 seu

194 2108 357 2200 ⁴octium,
383 2130 449 2208 per
466 2104 568 2204 quod
587 2123 842 2206 praeparatores
857 2109 1039 2181 coriorum
1062 2109 1109 2182 ad
1137 2110 1268 2186 lossaut

200 2225 353 2298 civimb
375 2237 411 2297 et
432 2247 564 2322 aquam
586 2224 681 2295 exire
698 2240 973 2319 consueverant,
991 2228 1213 2324 aperuerint,
1232 2245 1269 2303 et

200 2365 268 2442 per
283 2341 493 2441 hujusmodi
512 2341 673 2415 foramen
691 2365 754 2413 seu
771 2341 903 2413 ostium
921 2341 1065 2415 turbam
1086 2346 1267 2419 sociomm

200 2480 351 2532 motum
378 2457 646 2530 intromiseriut.
673 2457 745 2543 Qui
771 2481 897 2529 omnes
917 2458 954 2534 iu
976 2482 1091 2530 uuum
1118 2461 1267 2555 globum

200 2574 360 2664 collecti,
385 2575 457 2645 suis
487 2573 605 2671 stipati
634 2573 764 2667 armis,
788 2574 966 2673 praecipue
987 2572 1264 2669 bombardellis,

199 2687 338 2762 balistis
353 2703 388 2761 et
406 2689 537 2778 contis,
564 2687 720 2786 plateam
739 2688 890 2762 civitatis
913 2689 1103 2786 petierunt.
1131 2696 1172 2764 lu
1195 2696 1267 2791 qua

200 2804 380 2903 siquidem
395 2805 542 2877 inventa
557 2826 668 2902 parva
690 2827 802 2876 manu
817 2804 1153 2901 stipendiariorum,
1175 2833 1267 2906 quos

201 2920 374 3021 proximis
391 2934 475 2993 aute
491 2918 618 2992 diebus
634 2917 754 2990 bouus
767 2917 927 3016 pontifex
941 2943 1009 3017 pro
1025 2922 1187 2995 custodia
1200 2925 1265 2997 ad·

200 3039 364 3132 sciverat,
383 3062 467 3110 cum
483 3035 661 3108 eis'ferme
672 3058 737 3133 per
752 3033 906 3107 duarum
922 3036 1076 3134 spatium
1094 3029 1266 3113 horarum

199 3154 416 3227 acerrimum
431 3153 641 3263 contimtum
653 3148 869 3223 babuerunt.
886 3151 1155 3226 Delendebant¹
1169 3158 1266 3230 euim
1329 3225 1332 3231 .

200 3269 253 3342 illi
267 3284 412 3342 strenue
427 3270 582 3370 plateam
595 3297 605 3359 ;
622 3266 880 3340 bombardellis
894 3284 932 3340 et
946 3270 1051 3342 variis
1075 3271 1265 3345 missilibus

200 3386 370 3459 inimicos
386 3387 556 3487 repellere
574 3382 790 3481 satagebant.

251 3502 481 3576 Horrendum
504 3516 581 3575 erat
597 3515 634 3574 et
654 3499 878 3575 formidabile
894 3501 1019 3575 audire
1040 3502 1269 3579 bombardel·
1357 3547 1360 3564 ·

201 3620 320 3693 larum
334 3633 371 3693 et
385 3618 571 3692 missilium
590 3619 725 3715 jactus,
743 3620 806 3716 qui
821 3619 907 3691 hinc
923 3633 958 3691 et
974 3619 1059 3692 inde
1075 3611 1268 3695 mitteban-

201 3751 286 3831 tur3
318 3751 393 3808 tam
422 3737 519 3807 euim
552 3733 681 3807 crebro
709 3750 746 3807 et
776 3738 992 3810 incessanter
1017 3734 1264 3837 crepitabant,

244 3948 273 4007 l.
297 3942 465 4016 Matthaeus,
479 3943 593 4023 d'apres
608 3944 649 4005 les
663 3944 796 4024 registres
808 3943 846 4002 de
858 3944 958 4004 l'hctel
970 3945 1007 4005 de
1019 3945 1088 4014 ville
1101 3944 1267 4019 el’lltrecbt,

203 4038 316 4117 corrige
333 4037 464 4096 l‘dnoucd
483 4037 519 4095 de
537 4050 612 4096 cette
636 4037 720 4111 date,
741 4038 791 4115 qui
809 4038 878 4097 erait
891 4037 1014 4099 l’octave
1028 4052 1056 4098 et
1068 4059 1128 4099 nou
1143 4041 1171 4099 la
1184 4041 1269 4099 veille

204 4131 243 4191 de
253 4131 443 4190 l'Ascension.

243 4228 275 4284 Ξ.
297 4225 448 4287 Matthaeus
460 4228 658 4302 defenderunt.
