2946 5070
194 435 230 490 ot
460 430 715 488 fflsroataaun
736 430 914 488 Lttuovtct
935 430 978 487 xl

243 562 376 642 Eadem
394 563 500 633 etiam
524 561 632 650 hora,
667 561 955 658 archiepiscopus
987 561 1150 653 Pisanus,
1178 561 1253 657 qui,

195 679 245 750 uti
262 677 429 768 diximus,
460 692 544 746 tunc
568 676 751 767 Florentia,²
769 675 891 747 aderat
904 677 982 771 (qui
1002 676 1046 747 de
1069 675 1204 748 familia
1224 691 1256 748 et

195 795 408 889 cognatione
425 816 552 864 eorum
567 806 662 883 erat,
680 793 741 887 qui
759 793 973 890 principales
996 792 1159 865 factionis
1175 817 1257 865 auc·

195 925 289 982 tores
322 910 453 1003 erant),
480 909 552 978 suis
576 906 644 980 sub
671 908 778 1004 pallio
807 909 1016 979 instructus¹
1034 909 1156 994 annis,
1173 933 1256 980 sno·

196 1050 346 1122 rumque
362 1025 509 1120 stipatus
543 1023 768 1095 multitudine
785 1039 1022 1115 armatorum,
1042 1024 1089 1096 ad
1102 1024 1257 1121 plateam

195 1142 345 1214 civitatis
362 1142 532 1233 accurrit,
555 1142 728 1236 impetum
754 1139 799 1210 ad
825 1140 996 1238 palatium
1023 1140 1169 1210 iaciens.
1189 1139 1258 1211 Sed

196 1278 372 1325 concursu
389 1266 532 1324 armatae
554 1251 789 1322 multitudinis
810 1277 875 1323 suo
900 1251 1082 1323 frustratus
1108 1252 1255 1338 annisu,

197 1382 365 1466 captuset
382 1368 545 1439 detentus
572 1366 653 1459 fuit,
676 1369 748 1438 suis
765 1366 993 1464 stipatoribus
1004 1369 1134 1465 partim
1146 1369 1256 1458 caesis,

197 1486 326 1582 partim
336 1483 417 1579 suga
431 1483 586 1580 dilapsis.
607 1484 731 1554 Statim
740 1498 859 1554 autem
875 1483 956 1578 (nec
970 1484 1031 1554 diu
1044 1498 1256 1576 asservatuS,

197 1600 263 1698 p'ro
273 1624 317 1671 eo
335 1599 433 1695 quod
445 1625 539 1670 unus
554 1623 595 1670 ex
614 1599 925 1697 principalioribus
938 1599 1120 1671 seditionis
1134 1614 1257 1671 aucto·

197 1714 295 1786 ribus
308 1729 405 1804 erat,
421 1729 457 1785 et
480 1728 636 1786 armatus
658 1713 899 1812 deprehensus
926 1714 1015 1809 erat)
1031 1716 1138 1785 morti
1155 1713 1258 1809 adju-

197 1832 346 1922 dicatus,
380 1832 510 1926 laqueo
547 1846 582 1902 et
610 1832 801 1929 suspendio
836 1832 880 1903 ad
908 1831 1094 1903 fenestram
1120 1836 1260 1903 Domus

198 1948 370 2019 Publicae²
383 1948 619 2042 strangulatus
634 1948 710 2018 fuit.

244 2070 375 2136 Tantus
392 2065 524 2162 quippe
546 2065 675 2136 horror
692 2065 856 2135 omnium
873 2089 974 2162 paene
994 2065 1124 2135 animis
1150 2065 1261 2135 inces-

197 2196 291 2253 serat
315 2182 464 2272 civium,
496 2206 562 2280 pro
601 2198 674 2253 tam
704 2182 870 2252 immanis
897 2196 933 2253 et
962 2180 1120 2282 sacrilegi
1152 2204 1260 2251 ausus

198 2298 398 2383 atrocitate,
421 2299 514 2369 intra
530 2297 618 2369 illud
646 2296 848 2370 venerabile
864 2297 928 2367 Dei
956 2295 1149 2392 templum,
1170 2295 1258 2368 dum

198 2412 268 2484 illic
286 2436 386 2485 sacra
403 2415 589 2485 missarum
605 2414 778 2487 solemnia
793 2427 994 2508 agerentur,
1015 2410 1186 2509 [admissi]
1210 2413 1259 2507 (et

198 2525 295 2625 [hoc]
315 2527 495 2599 crudelem
520 2528 664 2600 illorum
689 2528 1034 2627 improbissimorum
1049 2527 1259 2598 sicariomm

197 2642 384 2739 perfidiam
397 2643 617 2740 adaugebat,
642 2645 704 2739 qui
722 2644 790 2717 sub
802 2645 1026 2716 simulatione
1043 2642 1150 2714 officii
1169 2644 1258 2715 ami·

198 2761 286 2831 citiae
308 2775 343 2833 et
371 2763 611 2856 germanitatis
638 2761 715 2832 illos
741 2761 832 2832 duos
863 2762 985 2833 fratres
1015 2760 1060 2831 de
1094 2760 1254 2853 Medicis,

199 2878 287 2948 nihil
311 2877 384 2949 doli
401 2894 463 2949 aut
478 2877 634 2975 perfidiae
650 2878 791 2975 penitus
813 2878 1035 2966 meditantes,
1061 2877 1108 2947 ad
1136 2879 1258 2949 convi-

199 2994 356 3065 vandum
372 2993 468 3092 apud
486 3021 522 3066 se
537 2996 756 3090 invitarant),
773 2994 902 3090 quod³‚
923 3008 959 3066 et
973 2993 1153 3090 dignitatis
1170 3018 1258 3092 pon-

199 3106 320 3199 tificis,
353 3124 389 3180 et
414 3134 596 3182 canonum
618 3124 823 3183 sanctorum
855 3108 1138 3180 consideratione
1164 3123 1258 3206 post·

198 3222 338 3313 habita,
367 3225 426 3295 irae
449 3239 485 3296 et
505 3225 782 3298 abominationis
806 3227 978 3323 impetum
1003 3224 1158 3316 frenare,
1188 3225 1258 3298 lra-

200 3355 321 3434 grantc
338 3341 456 3413 adhuc
468 3343 545 3441 ipso
560 3343 747 3431 maleficio,
762 3344 909 3415 minime
922 3358 1125 3440 potuerunt,
1143 3343 1257 3441 [quin]

200 3460 311 3546 eum‘,
330 3459 380 3529 uti
400 3458 534 3531 dictum
554 3476 624 3554 est,
643 3460 787 3559 publico
816 3460 1008 3558 suspendio
1031 3465 1254 3548 enecarent⁵3

241 3617 269 3671 l.
294 3618 440 3670 Instructis
452 3613 523 3673 dans
536 3617 563 3673 le
577 3637 630 3676 ma.

240 3709 270 3765 Ξ.
293 3708 410 3766 Palazzo
424 3710 558 3769 Veccbio.

242 3803 269 3858 3.
293 3801 316 3857 ll
330 3821 349 3877 y
364 3821 381 3858 a
395 3810 462 3877 quta
481 3802 551 3860 dans
569 3802 595 3861 le
613 3824 665 3862 ms.
681 3808 754 3862 Tout
768 3823 801 3861 ce
818 3804 946 3884 chapitre
962 3824 979 3861 a
996 3805 1076 3862 etesi
1093 3805 1150 3863 mal
1165 3819 1257 3864 trans-

200 3891 268 3962 crit,
289 3894 357 3970 qu'il
376 3894 449 3952 n'est
468 3895 591 3973 possible
611 3895 647 3953 de
663 3909 813 3954 retrouver
824 3896 852 3953 le
867 3917 932 3954 sens
950 3896 1016 3974 qu'a
1032 3899 1109 3955 force
1126 3897 1163 3955 dc
1176 3898 1256 3955 resti·

202 3999 316 4045 tutions.

241 4081 269 4137 t.
293 4084 361 4140 Οιιιη
376 4079 447 4140 dans
461 4082 487 4139 le
502 4101 555 4141 ms.

241 4177 270 4232 5.
293 4177 456 4232 Enecarunt
467 4175 538 4234 dans
552 4176 578 4233 le
593 4195 646 4235 ms.
