2946 5070
492 539 602 595 LIBER
622 538 826 598 SECUNDUS.
1131 543 1188 601 ³8⁹

127 686 200 745 tam
227 670 429 767 frequenter
457 671 607 765 legimus
631 671 668 740 in
696 671 877 769 scripturis
904 670 1034 744 sanctis
1061 695 1082 743 a
1111 677 1189 745 Deo

125 786 337 886 repromissa
354 784 407 857 his
423 787 485 882 qui
507 785 564 857 vel
579 799 726 885 propter
738 785 910 881 justitiam
926 787 1190 885 persecutiones

124 903 320 1002 patiuntur,
339 916 375 974 et
389 901 446 973 vel
461 901 600 998 injuriis
624 901 735 973 exsilii
761 927 822 974 seu
844 903 1113 1002 proscriptionis
1128 918 1191 975 ant

124 1017 334 1116 direptionis
364 1017 547 1091 bonorum
582 1033 645 1090 aut
678 1017 756 1091 aliis
787 1018 1092 1116 quibuscumque,
1127 1044 1187 1092 seu

124 1134 232 1206 ctiam
253 1135 413 1233 corporis
435 1133 651 1206 cruciatibus
678 1134 734 1206 vel
756 1150 884 1228 morte,
911 1159 978 1233 pro
999 1135 1132 1232 justitia
1154 1151 1191 1209 et

122 1252 269 1324 veritate
280 1250 495 1344 afficiuntur,
518 1266 558 1322 ut
570 1251 731 1350 profecto
745 1251 983 1325 consideratio
996 1255 1085 1325 tanti
1100 1278 1189 1351 prae·

123 1367 185 1437 mii
203 1391 245 1439 ac
261 1367 434 1439 mercedis
450 1392 596 1439 omnem
611 1368 684 1439 vim
699 1367 834 1440 doloris
848 1384 883 1441 et
896 1370 1074 1442 cruciatus
1090 1395 1191 1442 ersu-

122 1497 221 1579 peret
237 1497 272 1553 et
292 1483 563 1581 quodammodo
582 1484 687 1556 faciat
709 1484 883 1557 oblivisci.
903 1488 985 1558 Haec
1000 1510 1092 1584 spes,
1114 1484 1189 1557 haec

122 1595 252 1671 fiducia
270 1624 397 1672 omues
408 1601 523 1696 justos
539 1624 581 1671 ac
595 1615 736 1673 sanctos
750 1616 824 1674 tam
836 1601 964 1672 veteris
973 1625 1082 1698 qnam
1103 1601 1188 1674 novi

121 1716 333 1787 Testamenti
358 1717 508 1788 armavit
536 1717 752 1811 constantia,
787 1716 957 1815 patientia
984 1716 1184 1811 roboravit,

123 1828 259 1902 fervore
278 1832 477 1904 dilectionis
500 1833 681 1927 accendit,
707 1836 756 1908 ita
781 1848 820 1905 ut
846 1834 883 1904 in
909 1833 981 1904 suis
1005 1832 1187 1931 qualibus·

121 1970 276 2044 cumque
289 1948 577 2021 tribulationibus
592 1964 628 2021 et
641 1947 906 2042 afflictionibus,
921 1947 992 2019 fide
1005 1963 1040 2019 et
1053 1948 1188 2047 patien-

121 2062 170 2134 tia
187 2062 277 2157 snlti,
296 2065 445 2137 vicerint
461 2090 571 2161 regna
589 2080 696 2162 atque
711 2081 884 2164 tyrannos
899 2078 933 2135 et
951 2088 1187 2162 quaecumque

120 2177 211 2250 dura
227 2194 263 2251 et
278 2205 403 2280 aspera
416 2208 483 2281 pro
497 2181 581 2276 fide,
599 2207 667 2281 pro
677 2183 826 2281 justitia,
847 2206 914 2281 pro
931 2181 1078 2251 veritate
1091 2180 1188 2252 forti·

120 2307 173 2365 ter
191 2319 235 2366 ac
259 2298 434 2394 patienter
457 2300 685 2399 pertulerint,
710 2299 913 2392 circuierint
935 2297 973 2368 in
995 2297 1135 2368 melotis
1149 2311 1187 2370 et

120 2412 272 2510 pellibus
288 2416 442 2514 caprinis
459 2417 661 2514 angustiati,
682 2431 837 2514 egentes,
857 2414 978 2489 afflicti
1002 2415 1038 2485 in
1062 2414 1184 2487 solitu·

120 2527 277 2622 dinibus,
296 2549 453 2606 errantes
466 2534 503 2605 in
521 2533 705 2606 montibus
720 2548 754 2605 et
770 2533 947 2633 speluncis
965 2533 1050 2604 etin
1066 2557 1186 2606 caver·

121 2647 176 2718 nis
197 2663 309 2722 terrae.
332 2650 471 2739 Quibus
489 2651 650 2749 prolecto
673 2651 801 2748 dignus
822 2675 896 2722 non
918 2664 994 2735 erat
1011 2649 1180 2721 mundns.

121 2767 219 2861 lpsos
246 2766 343 2836 enim
364 2768 511 2838 interius
532 2767 684 2839 docente
703 2766 826 2837 divino
849 2765 976 2864 spiritu
999 2779 1105 2862 atque
1130 2790 1186 2838 ro·

119 2877 270 2953 borante
287 2881 371 2976 fide,
384 2884 459 2979 jam
471 2898 713 2983 praeceperant
729 2882 828 2979 quod
839 2880 964 2955 beatus
978 2882 1180 2980 Apostolus,

120 2997 279 3093 gentium
297 2998 438 3091 doctor,
458 3014 582 3098 postea
597 2999 643 3072 ad
662 3004 844 3073 Romanos
859 2999 1022 3098 scripsit:
1045 3026 1061 3067 a
1084 3003 1183 3086 Quo·

120 3113 216 3185 niam
232 3139 306 3185 non
325 3129 407 3185 sunt
425 3114 613 3211 condignae
631 3116 814 3215 passiones
832 3113 938 3210 hujus
954 3115 1124 3213 temporis
1137 3113 1184 3186 ad

121 3228 274 3303 suturam
293 3231 456 3327 gloriam,
476 3257 555 3329 quae
571 3231 786 3305 revelabitur
800 3231 836 3304 in
851 3229 969 3303 nobis.
989 3259 1008 3299 υ

168 3349 249 3419 Hac
270 3350 403 3450 quippe
426 3349 682 3449 scripturarum
705 3348 904 3421 consolatio
924 3362 960 3420 et
981 3347 1184 3422 divinarum

10 3464 17 3479 ’
118 3480 224 3562 atque
263 3480 475 3538 aeternarum
513 3467 791 3566 promissionum
830 3464 932 3538 firma
970 3468 1185 3564 exspectatio

118 3608 263 3654 omnem
286 3584 336 3655 eis
361 3582 600 3657 tribulationis
618 3583 913 3677 amaritudinem,
940 3609 1087 3656 omnem
1110 3585 1184 3656 vim

117 3701 252 3773 doloris
265 3703 446 3774 exterioris
462 3702 619 3775 hominis
631 3727 696 3801 per
710 3702 888 3774 interioris
902 3702 1185 3775 consolationem

116 3818 153 3890 in
167 3819 396 3892 dnlcedinem
413 3819 527 3891 vertit.
546 3824 627 3890 Haec
645 3844 730 3892 sane
746 3820 961 3892 esurientem
979 3819 1138 3892 animam
1150 3835 1186 3893 et

116 3962 216 4036 paene
229 3937 449 4033 jamjamque
464 3935 638 4034 pressuris
657 3935 910 4008 adversitatum
933 3950 968 4006 et
990 3933 1187 4008 tribulatio·

117 4078 205 4124 num
222 4052 462 4145 deficientem,
481 4052 689 4123 suavissimo
712 4065 818 4147 atquc
838 4050 1057 4123 validissimo
1074 4048 1186 4123 divini
1271 4067 1306 4140 ’ζ
1387 4094 1391 4103 -

103 4168 215 4260 {verbi
231 4169 377 4267 eloquio
394 4181 530 4240 recreat
544 4180 580 4238 et
596 4164 726 4259 reiicit,
746 4166 793 4239 ita
811 4180 863 4259 ut,
883 4165 944 4239 tali
963 4164 1198 4276 nobilissimo.
1233 4241 1235 4245 ,
1275 4226 1279 4249 ᾗ

116 4285 417 4384 roboratapastn,
436 4282 534 4356 bona
556 4307 618 4382 spe
635 4280 799 4377 subnixa,
816 4306 926 4380 quam
941 4280 1039 4354 velut
1054 4283 1184 4355 animae
1212 4346 1240 4359 .
1297 4350 1302 4363 ,
