2946 5070
223 441 283 498 20⁰
338 439 591 499 msmmlnunl
612 441 789 500 nunowcr
804 441 865 515 XI,
880 443 989 500 unm
1007 445 1202 506 snmus

205 611 208 617 ·
224 589 331 672 atque
346 574 498 665 articuli,
511 587 598 645 esto
614 572 890 670 gravaminibus,
908 599 986 672 qne
1002 600 1155 671 regnum
1167 594 1282 676 pertn-

222 691 323 781 lerat,
336 687 507 759 universis
521 687 744 760 enarrandis¹
757 688 864 783 longe
878 689 1034 761 minores
1051 707 1160 787 atque
1174 693 1281 765 insul·

223 804 392 877 ficientes·
404 820 541 901 essent,
567 805 650 875 satis
669 818 788 877 lamen
807 802 952 876 abunde
973 804 1181 905 adstipulari
1200 835 1282 907 pos-

223 937 306 992 sunt
328 920 385 992 his
402 944 480 1017 quae
502 919 548 991 de
575 919 684 1016 ipsius
709 919 798 1013 fide,
813 919 948 1016 justitia
969 925 1127 994 et.variis
1150 925 1283 996 vitiosis

224 1033 384 1105 moribus
408 1033 446 1103 in
472 1031 715 1130 superioribus
733 1032 996 1131 descripsimus.
1017 1039 1108 1107 Nam
1136 1036 1282 1132 hujusce

223 1149 447 1247 querelarum
462 1149 614 1238 articuli,
634 1148 738 1221 editis
753 1149 799 1222 de
820 1174 865 1222 eo
885 1148 1013 1220 libellis
1032 1165 1069 1220 et
1087 1176 1154 1248 per
1169 1168 1282 1225 totum

222 1291 372 1362 regnum
389 1265 596 1338 alibrorum
611 1265 881 1363 impressoribus
895 1266 1131 1364 exemplatis²,
1151 1268 1283 1367 ubique

223 1380 394 1480 publicati
420 1380 709 1479 disseminatique
733 1380 892 1473 fuerunt,
920 1399 1004 1451 cum
1026 1384 1161 1453 materis
1178 1386 1283 1457 eliam

223 1522 300 1593 quae
323 1498 359 1567 in
376 1493 473 1573 dioto
496 1495 647 1568 solemni
664 1511 843 1567 conventu
860 1496 1001 1570 actitata
1019 1495 1284 1596 delibemtaque

222 1628 336 1686 erant.

272 1735 316 1800 Et
336 1728 485 1827 quando
505 1729 551 1801 de
576 1728 749 1823 hissatis,
767 1729 866 1807 hunc
887 1729 1020 1803 libmm
1044 1732 1237 1828 septimum
1252 1749 1284 1804 el

223 1846 388 1917 ultimum
413 1844 459 1917 de
480 1844 586 1916 rebus
603 1845 706 1940 gestis
724 1869 788 1944 per
813 1845 1034 1917 Ludovicum
1051 1846 1281 1939 claudamus,

224 1973 258 2029 et
276 1957 407 2056 [ipsum
424 1956 646 2054 hominem],
665 1982 749 2028 cum
766 1982 811 2029 eo
829 1982 902 2054 quo
919 1957 1048 2053 dignus
1061 1974 1115 2029 est
1131 1959 1281 2052 honore,

223 2074 329 2145 etiam
347 2073 536 2172 sepulchro
557 2073 761 2145 inferamus.
933 2062 937 2069 ⁸

266 2272 295 2326 1.
317 2267 371 2324 lis.
387 2268 588 2322 enarrandum.

263 2370 294 2423 2.
317 2372 420 2424 Aneun
432 2365 631 2447 bibliographe
643 2368 691 2425 n'a
705 2386 742 2425 eu
756 2367 961 2425 connaissance
973 2367 1009 2425 de
1024 2376 1071 2424 oss
1082 2366 1181 2444 pisces
1189 2367 1285 2446 impri-

225 2462 303 2517 mees
319 2457 369 2516 des
383 2459 473 2518 1181.
487 2460 527 2519 Ge
539 2478 597 2537 qne
611 2461 640 2517 la
659 2479 757 2538 presse
771 2479 846 2518 nous
858 2479 875 2518 a
888 2460 972 2518 luisse
989 2459 1026 2517 de
1039 2458 1106 2537 plus
1123 2461 1225 2519 ancien
1237 2479 1286 2518 sur

223 2554 265 2610 les
279 2545 357 2610 Elals
370 2551 406 2610 de
421 2556 512 2610 'lours
524 2571 563 2613 ne
574 2567 705 2614 remonte
721 2554 789 2631 qu'i
804 2556 893 2612 1518.

501 3247 575 3284 rnrrs
595 3247 671 3285 mnu
692 3223 801 3286 imm
823 3229 871 3304 [rr
891 3233 1018 3307 utrm]-
