2946 5070
546 554 552 566 ,
572 494 681 551 uam
700 492 889 552 sumnus.
1202 495 1260 551 ns

205 624 469 700 confiscationis
485 627 645 724 corporis
661 641 697 697 et
710 624 911 698 bonorum¹
936 653 944 696 ε
973 625 1163 723 dequibus
1179 629 1261 700 satis

204 743 366 816 sufficere
387 756 631 841 possuntque
649 766 756 839 supra
771 743 842 813 suis
859 743 894 813 in
910 742 997 815 locis
1018 745 1258 835 narravimus;

203 884 271 930 nec
298 860 365 932 alia
395 859 614 957 quamplura·
630 882 707 954 quae
741 859 779 929 in
804 858 1045 957 superioribus
1072 858 1171 931 libris
1196 884 1261 934 suo

203 975 330 1047 ordine
359 990 442 1046 sunt
469 975 615 1070 digesta.
648 974 717 1046 Sed
750 974 818 1046 aiia
843 974 1062 1047 adducemus
1091 999 1170 1072 quae
1198 1003 1264 1076 per

202 1109 305 1183 eum,
326 1114 391 1188 per
409 1088 501 1163 duos
515 1104 576 1163 aut
599 1104 669 1163 tres
682 1113 797 1162 annos
819 1105 1010 1187 antequam
1028 1091 1124 1163 diem
1147 1092 1264 1166 obiret

203 1231 422 1306 supremum,
445 1231 510 1306 per
525 1232 609 1280 eum
624 1207 729 1280 fuisse
747 1220 843 1303 gesta
860 1207 992 1280 sactum
1017 1222 1070 1280 est
1095 1210 1264 1284 omnibus

202 1325 451 1421 conspicuum.

251 1443 341 1511 Nam
367 1463 451 1510 curn
480 1436 526 1510 ad
556 1463 657 1530 eum,
689 1438 811 1535 paucis
839 1437 1022 1512 mensibus
1053 1455 1264 1516 antestium

202 1552 361 1647 obitum,
387 1556 492 1627 missa
516 1555 618 1626 fuerit
637 1554 805 1628 solemnis
827 1555 955 1650 legatio
983 1582 1024 1628 ex
1048 1559 1148 1630 terris
1165 1561 1264 1631 Flan-

202 1670 305 1761 driae,
336 1672 374 1742 in
399 1696 470 1768 qua
500 1673 592 1742 inter
619 1672 737 1769 plures
756 1670 896 1743 nobiles
921 1686 997 1744 erat
1021 1675 1128 1746 etiam
1152 1676 1264 1750 abbas

202 1791 321 1862 Sancti
357 1790 450 1859 Petri
482 1789 526 1860 de
559 1789 733 1861 Gandavo
753 1793 776 1877 ²,
812 1788 858 1861 ad
887 1789 996 1861 finem
1032 1793 1131 1889 quod
1173 1797 1264 1868 reci-

201 1922 325 2006 perent
354 1907 443 2004 regis
469 1906 730 2002 juramentum,
765 1932 838 2002 quo
870 1908 1002 1982 ioedera
1030 1937 1074 1984 eo
1105 1928 1264 2013 tempore

201 2046 366 2122 percussa
390 2047 473 2092 cum
493 2020 726 2093 illustrissimo
751 2023 990 2095 Maximiiiano
1010 2042 1045 2097 et
1069 2030 1168 2099 terris
1194 2031 1265 2101 suis

201 2134 456 2208 roborarentur
478 2149 584 2230 atque
608 2133 854 2226 firmarentur,
885 2152 921 2208 et
938 2138 1130 2212 intromissi
1156 2143 1264 2214 iidem

201 2252 306 2347 legati
328 2251 395 2324 sub
417 2251 610 2323 obscurum
636 2251 750 2322 noctis
772 2253 809 2323 in
833 2253 1028 2349 quamdam
1049 2260 1265 2333 camerulam

202 2370 238 2439 in
264 2369 364 2465 cujus
379 2367 511 2464 angulo
539 2367 613 2463 ipse
639 2391 698 2437 rex
725 2367 887 2457 sedebat,
918 2370 967 2441 ita
995 2386 1034 2442 ut
1061 2373 1117 2442 vix
1146 2390 1265 2472 posset

202 2477 339 2569 videri,
367 2492 441 2549 tam
476 2477 626 2548 ridicula
660 2479 871 2550 salutatione
903 2481 999 2577 ipsos
1034 2483 1182 2555 adortus
1214 2503 1266 2559 est

200 2595 351 2690 legatos,
370 2607 497 2664 utnon
514 2592 627 2679 facile,
645 2593 706 2688 qui
723 2594 906 2684 audiisset,
926 2598 1033 2668 arisu
1050 2599 1211 2696 proiecto
1228 2629 1264 2675 se

200 2711 383 2783 continere
406 2709 595 2807 potuisset,
622 2724 746 2806 petens
762 2711 904 2782 veniam
920 2711 966 2784 ab
986 2713 1064 2811 ipso
1085 2714 1216 2788 abbate
1231 2734 1266 2790 et

200 2823 332 2896 ceteris
359 2819 520 2915 collegis,
557 2819 657 2918 quod
683 2821 734 2891 eis
763 2845 943 2933 espurgere
970 2826 1118 2897 minime
1147 2847 1265 2924 posset

202 2965 268 3012 nec
284 2950 392 3034 caput
409 2960 514 3008 suum
531 2935 782 3033 discooperire.
809 2937 917 3023 Quod
934 2954 1046 3024 certe,
1066 2942 1131 3012 etsi
1149 2944 1264 3016 humi·

200 3052 306 3124 litatis
329 3050 500 3123 indicium
524 3048 690 3143 cuiquam
716 3045 828 3118 videri
848 3062 1004 3145 poterat,
1036 3064 1155 3124 tamen
1182 3056 1264 3129 talia

200 3166 310 3241 verba
325 3182 361 3239 et
381 3182 454 3240 tam
477 3163 625 3241 ridicule
648 3162 696 3236 ab
719 3187 763 3234 eo
785 3165 942 3260 prolata,
970 3168 1088 3263 qualia
1113 3170 1181 3258 itti,
1200 3174 1261 3268 qui

201 3285 443 3373 imminuerant,
459 3278 709 3354 cachinnando
720 3305 757 3351 se
770 3279 921 3352 audiisse
933 3282 1143 3375 referebant,
1159 3301 1263 3359 tantae

201 3401 371 3498 majestati
393 3425 435 3472 ac
455 3395 656 3471 celsitudini
679 3419 753 3466 non
770 3396 1047 3471 conveniebant.
1066 3404 1157 3503 Cum
1173 3428 1261 3476 vero

200 3535 366 3617 prestare
381 3515 528 3589 baberet
544 3526 806 3586 sacramentum
819 3538 925 3611 super
940 3531 1060 3590 sancta
1075 3520 1141 3590 Dei
1158 3545 1263 3593 evan·

202 3637 309 3732 gelia,
334 3649 370 3706 et
395 3632 560 3705 dextrum
581 3628 768 3703 brachium
791 3644 948 3727 portaret
972 3634 1018 3705 ad
1043 3650 1165 3732 pectus
1188 3662 1261 3711 sus·

201 3774 371 3850 pensum,
398 3774 443 3822 eo
476 3745 574 3844 quod
602 3745 647 3818 de
674 3746 735 3818 illo
762 3747 870 3819 latere
896 3751 1047 3847 paralysi
1075 3778 1260 3850 percussus

200 3867 331 3962 fuerat,
355 3862 647 3959 excusans-quod
671 3887 754 3935 eum
780 3878 960 3960 oporteret
986 3867 1127 3941 sinistra
1152 3894 1260 3944 manu

200 3994 344 4080 tangere
359 3982 511 4074 librum,
532 3976 655 4053 cubito
671 3978 779 4051 etiam
800 3977 925 4053 dexuo
945 3984 1095 4055 multum
1111 3984 1259 4059 ridicule

242 4139 270 4197 i.
293 4137 450 4207 (Ii-deum,
466 4155 496 4214 p.
512 4137 581 4194 168.

241 4235 271 4291 2.
294 4232 428 4311 Phiiippo
440 4229 594 4298 Counult,
609 4225 684 4287 abbe'
699 4225 738 4286 de
752 4226 949 4289 §dut-Pione
962 4228 999 4289 da
1010 4229 1105 4291 Gnnd.
