2946 5070
201 511 258 567 tta
471 503 728 561 tustontinun
749 501 927 560 annotini
946 500 989 557 xl

200 639 313 738 parati
330 634 510 710 discedere
522 633 722 706 dummodo
738 633 789 705 eis
801 632 846 704 de
860 631 1052 729 stipendio,
1072 631 1172 728 qnod
1183 658 1256 731 pm

200 758 346 828 missum
363 752 497 841 dierat,
520 751 726 825 solveretur.
751 753 796 820 Et
813 770 1022 846 quanquam
1041 772 1165 821 revera
1189 773 1256 822 nnn

201 899 268 973 pro
288 872 450 962 civitate,
476 868 538 942 sed
560 869 679 966 potius
698 880 841 955 contra,
870 889 892 937 a
914 865 1075 962 tyrannis
1095 867 1198 939 acciti
1218 867 1258 940 ad

201 989 377 1060 civitatem
395 983 669 1083 opprimendam
683 982 903 1070 militassent,
923 979 1132 1052 voluerunt¹
1146 996 1259 1054 tamen

200 1105 296 1176 cives
319 1101 468 1200 optimi,
494 1099 539 1172 ad
562 1123 654 1196 quos
673 1099 831 1195 regimen
853 1110 890 1168 et
909 1095 1112 1170 moderatio
1133 1098 1185 1170 rei
1201 1123 1260 1196 pu·

199 1217 301 1290 blicae
320 1214 469 1287 civitatis
489 1213 536 1286 ab
554 1213 673 1311 impiis
694 1227 730 1284 et
751 1211 882 1308 iniquis
899 1210 1069 1284 translata
1090 1226 1212 1303 erant,
1228 1225 1262 1282 ut

200 1335 245 1406 de
264 1331 441 1430 stipendio
462 1343 592 1402 statuto
615 1354 682 1426 pro
699 1342 860 1427 tempore
885 1352 958 1425 quo
979 1329 1195 1418 servierant,
1216 1329 1261 1400 eis

199 1443 314 1544 probe
335 1457 370 1514 et
390 1442 548 1537 legaliter
564 1441 771 1512 solveretur.
793 1440 986 1513 Pulchrum
1006 1454 1128 1513 autem
1141 1441 1261 1538 jucun·

199 1562 359 1657 dumque
381 1574 457 1632 erat
486 1557 606 1631 videre
629 1558 748 1650 cives,
776 1558 840 1655 qui
868 1557 969 1629 initio
1000 1557 1187 1629 seditionis
1212 1557 1260 1630 vel

200 1680 336 1778 postea,
355 1678 495 1749 civitate
516 1690 551 1747 et
579 1672 713 1747 laribus
741 1673 871 1745 relictis
889 1673 1064 1771 propriis,
1089 1673 1262 1774 pontilicis
1320 1739 1322 1742 .

199 1811 318 1894 partes
336 1794 446 1865 secuti
464 1791 623 1879 fuerant,
647 1790 694 1863 ad
716 1789 865 1888 propria
884 1803 1124 1882 revertentes,
1148 1789 1194 1861 de
1214 1790 1261 1862 vi·

199 1911 289 1983 cinis
313 1934 458 2007 quoque
486 1906 628 2006 oppidis
658 1906 802 2001 navigio
830 1920 866 1977 et
888 1904 1053 1978 curribus
1083 1929 1261 1977 annonam

199 2022 356 2124 aliasque
372 2050 507 2098 merces
523 2026 571 2098 ad
587 2025 765 2098 civitatem
782 2023 924 2096 advehi.
949 2023 1001 2095 hd
1021 2048 1133 2120 quam
1148 2040 1185 2096 et
1199 2025 1262 2097 avi·

199 2143 279 2215 dius
309 2140 458 2239 quidam
487 2139 747 2232 adventabant,
779 2140 879 2238 quod
917 2164 982 2237 per
1004 2150 1124 2213 annos
1157 2165 1262 2240 prope

199 2257 293 2330 duos
320 2281 400 2328 eam
422 2280 488 2327 nee
510 2255 652 2349 videre,
679 2281 745 2327 uec
770 2255 932 2351 ingredi,
964 2270 1114 2354 propter
1137 2257 1262 2329 hostili

201 2386 329 2461 tatem,
346 2385 559 2469 potuerant;
579 2372 628 2442 ita
648 2385 688 2442 ut
709 2371 833 2469 plateae
855 2372 1006 2444 civitatis
1028 2395 1129 2468 quae,
1154 2388 1262 2470 tyran·

199 2486 284 2559 iride
308 2486 493 2576 saeviente,
517 2501 672 2558 vacuatae
694 2486 852 2575 civibus,
878 2511 944 2558 nec
964 2487 1032 2559 nisi
1053 2512 1074 2559 a
1094 2488 1260 2581 rutheris,

201 2602 393 2701 desperatis
409 2601 637 2699 garcionibus
650 2615 769 2698 atque,
784 2617 825 2673 ut
835 2603 1043 2674 Teutonici'
1060 2604 1198 2701 vulgari
1216 2605 1263 2676 di·

201 2720 338 2811 cimus,
361 2716 578 2790 buforiihus³
593 2716 836 2808 calcabantur,
853 2716 937 2814 jam'
950 2719 1112 2791 honestis
1134 2721 1263 2793 civibus

201 2850 237 2908 et
251 2831 508 2908 mercatoribus
528 2848 757 2906 cernerentur
771 2834 936 2932 impletae.

251 2949 385 3027 Habuit
407 2964 527 3022 autem
554 2951 628 3049 ipse
653 2951 733 3047 pius
752 2949 910 3049 pontifex
929 2948 1038 3021 verba
1058 2949 1105 3022 de
1127 2976 1213 3050 pace
1235 2964 1264 3022 et

205 3067 492 3138 reconciliatione
518 3066 655 3137 domini
679 3067 724 3137 de
751 3068 947 3166 Montsort‚
971 3091 1081 3164 quem
1109 3069 1264 3140 clausum

204 3184 242 3254 iu
256 3206 329 3255 una
345 3206 487 3254 camera
504 3184 558 3254 sui
576 3183 696 3280 palatii
712 3182 936 3256 custodiebat
952 3185 1036 3257 satis
1048 3185 1262 3274 humaniter,

205 3326 288 3373 eum
310 3300 441 3377 taciens
458 3302 643 3400 procurari
665 3315 701 3372 et
715 3300 904 3374 detractari
916 3305 939 3372 ⁸.
965 3307 1010 3373 Et
1025 3302 1266 3375 consentiebat

207 3417 302 3488 idem
319 3417 488 3489 dominus
505 3416 551 3488 de
568 3419 746 3515 Montsort
766 3433 806 3489 ut
823 3433 977 3489 castrum
1001 3431 1036 3489 et
1055 3419 1264 3517 oppidulum

206 3556 311 3602 suum
324 3531 370 3602 ad
384 3556 533 3604 manum
547 3555 647 3603 suam
664 3531 935 3624 contraderent,
956 3532 1088 3629 quibus
1105 3533 1177 3606 loci
1194 3558 1266 3606 eus·

207 3647 310 3720 todia'
333 3673 355 3720 a
380 3673 417 3719 se
443 3647 557 3720 fuerat
580 3649 780 3720 commissa.
809 3649 992 3745 Hujusque
1024 3651 1075 3720 rei
1102 3674 1264 3722 consum·

207 3766 345 3839 mandae
375 3767 507 3861 gratia,
541 3767 615 3864 ipse
644 3766 803 3865 pontifex
834 3782 869 3838 et
898 3766 1088 3859 dominus,
1123 3769 1265 3866 stipatus

247 3978 276 4032 l.
298 3979 346 4032 Sic
360 3969 530 4043 lllatthaeus;
545 3975 694 4029 voluissent
706 3971 777 4032 dans
792 3972 819 4031 le
833 3992 887 4033 ms.

247 4069 277 4124 ζ).
300 4065 449 4125 Matthaeus
465 4072 615 4122 teritorica.

248 4165 277 4217 3.
299 4163 389 4234 Boas,
402 4179 438 4218 en
456 4157 633 4233 bollandais,
649 4159 759 4239 siguilie
774 4181 812 4220 un
826 4161 947 4239 coquin,
963 4179 1003 4219 un
1018 4161 1159 4240 pendard.

249 4256 278 4313 li.
301 4252 397 4312 Plutdt
409 4251 478 4311 bene
492 4259 619 4312 tractari.
