2946 5070
591 107 701 162 nunu
721 89 872 165 sextus.
1228 111 1264 165 ss

200 254 348 313 cruenta
365 227 495 330 bestia,
513 241 711 310 Tuscorum
723 238 947 336 imperator¹,
967 262 1011 313 ex
1026 239 1095 312 bac
1111 237 1265 312 instabili

199 357 300 450 luce,
320 356 357 427 in
375 378 461 452 qua,
481 352 569 426 dum
587 367 802 451 superesset,
820 366 873 426 tot
888 354 1043 430 nefanda
1058 369 1166 455 atque
1180 355 1266 429 bor·

200 473 314 546 reuda
337 473 375 544 in
406 470 617 544 christianos
642 485 678 541 et
703 454 769 542 nei
797 468 928 543 servos
942 470 1188 572 perpetrabat,
1220 474 1267 570 ad

200 591 393 662 exteriores
421 586 615 659 inferorum
655 587 818 659 tenebras
844 589 1090 687 pertransivit,
1123 613 1265 689 poenas,

200 732 291 804 quas
307 730 376 806 pro
390 704 462 778 suis
474 702 714 802 impietatibus
727 705 936 802 promeruit,
947 704 1043 802 justo
1054 706 1118 778 Dei
1129 704 1268 804 judicio

200 824 408 896 soluturus.'
1334 808 1336 818 ⁴

250 940 354 1037 Atqui
368 938 576 1038 priusquam
593 936 778 1029 deficeret,
790 937 829 1009 hi
843 936 905 1034 qui
917 936 1166 1034 hujuscemodi
1184 938 1269 1010 civi·

201 1071 311 1127 tatem
328 1055 533 1127 Odrontum
558 1055 779 1146 invaserant,
803 1053 911 1126 etiam
937 1053 1112 1126 nonnulla
1128 1047 1270 1128 castella

200 1173 320 1244 vicina
336 1185 557 1271 occuparant
572 1185 608 1242 et
620 1185 818 1259 vastarent,
837 1169 887 1244 de'
899 1168 1040 1268 praedis,
1057 1195 1146 1269 quas
1158 1172 1272 1244 unde-

200 1313 357 1387 cumque
386 1287 574 1361 advectare
605 1301 789 1386 poterant,
820 1285 1026 1358 Odruntum
1053 1288 1265 1361 munientes.

202 1404 275 1471 Rex
303 1424 390 1472 vero
422 1399 688 1499 Neapolitanus,
723 1399 848 1491 volens
873 1397 1068 1498 prudenter
1091 1413 1266 1494 avertere,

201 1537 248 1583 ne
261 1511 470 1609 hujusmodi
485 1514 667 1610 inceptum
680 1511 784 1583 latius
796 1525 1053 1610 propagaretur
1062 1510 1268 1584 incendium

200 1630 238 1700 in
259 1652 371 1725 regno
385 1655 464 1720 su0,
480 1628 597 1701 statim
613 1628 747 1700 vicinas
761 1628 918 1700 civitates
935 1642 969 1699 et
986 1627 1127 1700 castella
1141 1627 1269 1700 milita·
1354 1643 1357 1650 '

201 1744 303 1818 ribus
324 1745 496 1843 praesidiis
526 1745 749 1816 communiit.
770 1744 924 1816 Classem
949 1747 1054 1816 etiam
1083 1744 1266 1838 instmxit,

201 1887 281 1960 quae
298 1861 496 1934 maritimos
509 1860 626 1933 aditus
633 1860 841 1951 observans,
856 1887 901 1932 ne
915 1868 958 1931 ex
968 1861 1104 1933 Gracia
1116 1861 1269 1956 majores

202 1977 315 2077 copioe
342 1979 539 2049 Turcorum
568 1992 630 2049 aut
656 1975 813 2050 subsidia
840 1977 1048 2049 victualium
1069 1976 1125 2047 vel
1151 2001 1268 2048 armo·

202 2121 284 2167 mm
309 2093 438 2171 advehi
465 2109 631 2196 possent,
653 2094 863 2194 impediret3
888 2095 936 2168 ita
953 2093 1053 2193 quod
1074 2109 1168 2166 terra
1192 2118 1268 2168 ma·

202 2214 305 2310 rique
335 2212 453 2311 ipsos,
487 2211 550 2309 qui
579 2212 685 2310 primi
715 2222 865 2308 reguum
890 2212 1113 2306 invaserant,
1147 2211 1269 2310 quoad

203 2344 360 2428 poterat,
382 2327 599 2401 coarctabat.
620 2327 690 2399 Sed
705 2353 750 2400 eo
765 2354 839 2403 non
850 2327 1038 2423 obstante,
1049 2328 1117 2429 ipsi
1131 2328 1265 2419 hostes,

201 2460 238 2517 et
263 2469 468 2536 annorum,
497 2459 532 2516 et
562 2444 769 2518 victualium
798 2444 957 2518 subsidia
987 2445 1033 2518 ad
1069 2454 1187 2538 suos,¹
1207 2446 1269 2542 qui

202 2559 476 2658 quodammodo
488 2561 585 2632 velut
596 2559 932 2635 obsessiafinitimis
943 2562 1032 2634 locis
1040 2554 1266 2657 videbantur,

201 2677 383 2751 interdum
401 2676 639 2751 adduxerunt.
660 2675 800 2766 Quibus
823 2679 1007 2754 refocillati
1033 2694 1070 2752 et
1100 2680 1270 2753 audacio·

108 2843 112 2855 ·
202 2794 400 2888 resellecti,
420 2795 527 2879 etiam
542 2821 625 2867 curn
637 2796 741 2891 regiis
757 2795 942 2889 militibus,
957 2823 999 2868 ex
1016 2796 1103 2868 locis
1117 2799 1268 2868 circum-

200 2913 328 2985 vicinis
365 2913 572 3008 aggregatis,
607 2937 836 3010 congressum
869 2912 1095 3003 habuerunt3
1130 2915 1270 3012 inquo

201 3028 324 3126 plures
336 3054 379 3100 ex
392 3028 509 3124 regiis,
521 3029 577 3101 vel
594 3030 702 3129 capti,
713 3031 770 3103 vel
786 3032 864 3103 caesi
883 3033 1115 3104 manserunt'.
1130 3035 1270 3104 Tenue·

202 3155 358 3239 nmtque
379 3141 557 3213 civitatem
573 3140 639 3239 per
653 3154 766 3216 totam
781 3143 950 3217 hiemem.
972 3148 1052 3231 Qua
1073 3158 1266 3237 transacta,

202 3282 277 3346 rex,
295 3256 438 3355 adjutus
449 3257 581 3329 auxilio
594 3244 732 3333 Summi
747 3260 928 3332 Pontificis
941 3260 1270 3357 nonnullorumque

202 3387 453 3472 potentatuum
468 3374 594 3467 ltaliae,
614 3376 694 3472 qui,
710 3375 806 3448 velut
822 3376 868 3449 ad
885 3400 1077 3448 commune
1093 3377 1201 3449 totius
1214 3376 1272 3447 re-

243 3574 273 3629 l.
296 3568 443 3629 Mahomet
455 3575 500 3644 11,
515 3584 591 3629 mort
604 3572 631 3629 le
646 3575 664 3630 3
678 3573 735 3632 mai
750 3577 838 3634 rtet.

244 3667 272 3725 2.
296 3665 406 3740 Quinze
418 3678 499 3724 cents
515 3665 645 3723 hommes
659 3666 787 3744 perirent
802 3686 875 3726 avec
889 3668 951 3727 leur
964 3666 1080 3748 general
1094 3665 1173 3724 Jules
1186 3664 1271 3723 d’Ac·

202 3758 328 3834 quaviva
349 3758 421 3818 dans
439 3771 514 3817 cette
541 3772 712 3833 rencontre,
736 3762 785 3839 qui
811 3775 859 3821 eut
883 3762 939 3821 lieu
965 3781 1002 3821 au
1026 3771 1273 3820 commencement

204 3853 240 3910 de
255 3855 343 3912 lbssl.
358 3853 511 3931 Ruynaldi,
528 3859 654 3912 Annales
671 3860 783 3929 eccles„
799 3869 820 3916 t.
835 3861 896 3928 xl,
912 3876 942 3935 p.
960 3860 989 3914 5.
