2946 5070
571 492 685 549 emm
705 492 911 548 somnus·
1214 494 1272 550 139

203 636 317 696 tatem
334 623 473 713 redire,
497 622 560 696 sed
578 624 734 722 propriis
743 622 880 699 laribus
894 623 1043 715 salietis,
1065 625 1192 723 inopia
1210 652 1272 697 nr-

202 751 327 836 gente,
346 761 422 809 sese
441 735 496 809 ad
520 736 656 835 oppida
680 736 952 833 transyssellana
963 740 989 825 ¹,
1008 752 1069 808 aut
1091 738 1178 830 alia,
1197 764 1272 836 quo

201 853 421 952 potuissent,
445 851 659 943 transferre,
683 851 933 950 hujuscemodi
946 855 1091 949 tyranni
1107 855 1200 926 ultra
1225 855 1273 925 ci-

201 993 266 1041 ves
303 967 350 1040 ad
375 967 655 1040 conducendum
677 992 862 1041 annonam
890 967 985 1039 exire
1008 968 1158 1042 minime
1192 994 1272 1068 per·

201 1085 398 1174 misenmt3
418 1086 481 1159 sed
504 1085 576 1157 hoc
596 1086 751 1159 ruthenis
772 1086 845 1158 suis
868 1086 1052 1158 dumtaxat
1064 1086 1271 1159 laciendum

200 1203 442 1299 reliquerunt,
457 1227 613 1301 qnorum
627 1218 748 1277 tamen
759 1208 770 1244 ¹
782 1203 976 1275 nnmerum
989 1203 1162 1299 majorem
1173 1204 1271 1276 intra

200 1320 383 1393 civitatem
398 1343 540 1418 semper
553 1335 731 1393 retentare
747 1317 923 1391 solebant.
1092 1332 1094 1337 ’

565 1582 823 1660 carnotum
858 1588 916 1655 ΙῘΙ.

199 1774 241 1835 Dp
249 1771 434 1833 “montione
446 1769 655 1842 Trajectemium
667 1783 760 1829 contra
772 1789 835 1829 suos
846 1783 982 1842 tyrannos,
996 1781 1022 1825 et
1032 1769 1170 1833 decoram
1180 1771 1269 1833 hear·

380 1863 525 1928 certatione,
538 1876 564 1915 et
576 1861 714 1935 quomodo
722 1880 778 1914 sese
787 1848 935 1914 stultissime
948 1873 1058 1931 egerunt
1072 1860 1093 1911 ³.

248 2019 508 2092 Desiderabant
531 2034 651 2091 autem
675 2035 712 2091 et
736 2018 985 2092 acclamabant
1015 2040 1119 2116 poene
1144 2045 1270 2091 omnes

199 2151 390 2232 paoem‚et
404 2159 581 2233 eousque,
595 2159 670 2207 uno
678 2135 752 2222 die,
767 2150 981 2234 perventum
993 2149 1046 2207 est
1064 2134 1181 2232 q'uod,
1198 2137 1271 2207 col·

198 2250 292 2324 lecta
303 2251 534 2323 mullitudine
549 2253 672 2350 populi
687 2253 725 2323 in
742 2253 868 2343 armis,
887 2253 954 2349 ipsi
976 2251 1119 2348 aliquos
1135 2251 1182 2323 de
1196 2253 1270 2323 suis

199 2368 361 2465 tyrannis
374 2383 551 2466 oqremnt
567 2382 603 2440 et
625 2369 662 2439 in
680 2392 860 2440 carcerem
874 2363 1121 2458 detruserunt,
1138 2369 1270 2441 olaves·

199 2507 273 2582 qne
294 2499 481 2583 portamm
502 2485 654 2557 civitatis
675 2510 697 2558 a
719 2487 792 2558 suis
815 2485 1097 2584 burgiaragislris
1122 2510 1269 2585 aecepe-

199 2615 303 2691 ηας
319 2614 356 2673 e't
366 2603 396 2673 si
407 2602 488 2700 quis
498 2601 535 2672 in
553 2602 935 2694 eisfuissetsensus,-si
949 2601 1140 2700 quidboni
1155 2603 1269 2676 oonsi-

199 2716 238 2789 lii
256 2716 315 2789 vel
329 2717 543 2816 prudentiae,
568 2741 694 2814 pacem
710 2741 812 2790 suam
825 2719 863 2789 in
880 2717 1048 2791 manibus
1063 2716 1265 2806 habebant,

199 2845 236 2904 et
259 2833 435 2905 servitulis
448 2833 576 2929 jugum
587 2831 831 2907 extollebant.
855 2835 892 2904 Si
910 2834 1008 2905 enim
1033 2831 1159 2904 habito
1183 2857 1268 2903 orm

199 2948 286 3020 viris
303 2946 414 3022 bonis
426 2961 467 3021 et
478 2946 702 3048 sapiennhrs
719 2963 940 3047 aooeptoque
959 2948 1110 3021 consilio
1123 2949 1171 3044 .(.e
1187 2950 1267 3046 qui·

198 3062 270 3137 bus
293 3080 331 3137 et
353 3065 393 3139 in
416 3065 534 3154 ciero,
564 3078 601 3138 et
631 3067 668 3137 in
706 3064 844 3164 populo
870 3063 1087 3138 sufficienter
1115 3067 1267 3139 inveniri

199 3183 441 3282 pontinum),
470 3183 590 3255 statim
610 3182 658 3254 ad
684 3181 874 3254 dominum
893 3196 929 3253 et
953 3197 1136 3280 pastorem
1160 3208 1267 3256 suum

198 3301 379 3398 optimum
415 3297 688 3390 aooersendum,
716 3299 778 3395 qui
804 3322 918 3396 prope
947 3298 995 3371 ad
1032 3300 1099 3372 tria
1128 3314 1266 3373 tantum

182 3406 258 3489 'vet
271 3416 353 3488 duo
376 3417 541 3489 milliaria
559 3415 733 3507 distabat,
752 3415 887 3511 legatos
909 3416 1104 3505 misissent,
1124 3417 1266 3488 interim

198 3532 286 3633 ipsis
308 3533 453 3605 armatis
467 3533 573 3604 simul
598 3521 893 3630 pernianentibus
911 3547 949 3602 et
966 3557 1090 3609 muros
1103 3557 1193 3604 suos
1216 3546 1267 3604 at·

198 3668 274 3747 φιο
295 3663 416 3747 portas
438 3648 585 3719 solerter
596 3646 903 3719 custodientibus:
920 3648 1009 3719 nulli
1025 3646 1178 3719 dubium
1189 3673 1266 3720 esse

198 3778 318 3863 potest
331 3766 446 3860 quin,
475 3763 623 3862 depulsa
645 3763 833 3861 tyrannide
857 3769 930 3859 qua
953 3762 1203 3836 miserabiliter
1230 3778 1265 3835 et

242 3973 271 4028 l.
292 3973 350 4040 las
364 3970 445 4038 stilles
458 3970 680 4041 d'Over·Yssel,
697 3967 881 4029 c'est-,ir-dire
892 3967 929 4043 (le
942 3968 970 4026 la
983 3967 1140 4041 filiumde-

239 4067 269 4122 2.
293 4064 387 4122 Plutot
400 4077 474 4122 tanc.

241 4161 270 4217 3.
293 4157 427 4236 Chapitre
451 4157 583 4237 imprimi
605 4156 677 4215 dans
696 4157 736 4213 les
758 4160 898 4213 Analecta
915 4156 952 4213 de
971 4153 1123 4214 Matthaeus
1142 4168 1170 4212 et
1194 4153 1265 4213 dans

199 4252 405 4329 l'Amplissima
415 4255 552 4308 collectio.
