2946 5070
600 107 710 164 uteru
729 107 881 166 Pmtttts.
1211 113 1265 170 stt

205 238 359 313 manniae
377 237 416 308 in
428 251 560 310 sortem
576 237 836 312 haereditariam
853 238 1083 336 uadidiser,
1100 257 1137 316 et
1151 245 1270 341 pluri-

181 377 306 426 ·mum
321 351 473 427 adaucta
506 367 559 426 est
589 368 631 426 et
659 353 905 428 vehementius
940 357 1154 432 incanduit·
1176 362 1269 433 Cum

204 466 302 540 enim
325 467 605 565 llothomagum,
629 472 738 543 totius
752 473 945 570 provinciae
960 475 1208 575 metropolim,
1234 493 1270 550 et

203 582 366 681 plurima
386 585 621 658 munitissima
646 586 766 685 patriae
792 588 948 687 oppida,
972 605 1008 663 et
1034 615 1113 688 quae
1138 590 1176 664 in
1205 616 1270 667 ora

203 699 381 771 maritima
407 714 443 772 et
464 724 544 797 quae
559 703 652 774 intra
668 715 778 775 terras
802 705 1018 798 consistunt,
1035 707 1143 779 veluti
1159 708 1269 806 Diep·

204 840 309 915 pum,
328 818 549 895 Haressutum
567 836 674 918 atque
692 821 951 894 Honnessutum
967 822 1064 895 idem
1082 824 1174 919 regis
1192 848 1270 920 ger-

204 955 331 1005 manus
354 934 430 1029 Jam
456 950 581 1009 nactus
605 950 696 1010 esset
723 951 831 1035 atque
856 936 1074 1037 possideret,
1101 953 1135 1010 et
1159 940 1271 1011 Brito·

204 1070 291 1119 num
319 1049 509 1143 exercitus,
538 1050 585 1124 ad
619 1050 841 1150 recipiendas
869 1067 1011 1125 caeteras
1043 1054 1200 1125 civitates
1235 1069 1270 1125 et

203 1161 337 1261 oppida
366 1166 612 1260 transmissus,
646 1166 1098 1265 universamprovinoiam
1133 1168 1270 1266 perlus-

204 1290 329 1371 traret,
363 1304 449 1353 cum
463 1279 511 1354 ab
537 1282 588 1355 eis
614 1282 737 1355 civitas
755 1304 835 1355 mea
858 1280 988 1355 vallata
1002 1280 1110 1372 foret,
1133 1283 1171 1354 in
1195 1307 1269 1379 qua

201 1411 269 1495 pro
284 1419 367 1493 rege
385 1396 483 1470 nulla
502 1410 590 1469 tunc
607 1412 713 1470 erant
731 1396 885 1495 militum
906 1396 1069 1496 prandia
1091 1419 1113 1469 a
1137 1396 1269 1494 quibus

202 1494 329 1585 contra
355 1513 429 1583 vim
447 1509 699 1586 obsidentium
725 1511 870 1586 delendi
896 1512 1077 1601 valuisset,
1107 1529 1268 1612 essetque

197 1628 274 1725 jam
298 1627 432 1726 ubique
450 1627 676 1701 diffamatum
692 1643 729 1701 et
746 1630 929 1702 notorium
958 1627 1059 1724 quod
1077 1653 1138 1701 rex
1158 1629 1267 1702 duca-

201 1757 278 1816 tum
299 1745 416 1844 ipsum
438 1743 555 1816 eidem
582 1770 648 1818 suo
676 1745 774 1819 fratri
800 1745 909 1817 unico
934 1743 1150 1841 reliquisset,
1183 1769 1267 1817 cum

201 1861 438 1959 plurimorum
467 1862 620 1935 militum
654 1877 691 1936 et
720 1860 899 1934 nobilium
932 1861 1086 1961 patriae,
1103 1860 1164 1957 qui
1195 1860 1267 1932 illio

200 1978 351 2052 aderant
371 1978 473 2053 etad
498 1980 675 2054 civitatem
703 1983 818 2080 ipsam
836 1978 939 2053 etad
961 1978 1082 2051 mede
1105 1976 1267 2075 pluribus

201 2095 290 2168 locis
315 2094 567 2193 confugerent,
599 2097 751 2171 oonsilio
774 2111 810 2171 et
831 2119 976 2169 assensu
1001 2093 1162 2190 ejusdem
1184 2096 1269 2168 cisi·

201 2211 282 2282 tatis
312 2210 534 2285 deditionem
564 2213 705 2287 noviter
737 2211 942 2287 advenienti
966 2208 1072 2284 nobis
1101 2209 1186 2282 duoi
1216 2210 1267 2284 la·

200 2327 366 2402 ciendam
386 2328 566 2403 duximus.
592 2333 735 2407 Certum
757 2330 856 2403 enim
875 2325 982 2400 nobis
1001 2325 1168 2402 ellectum
1192 2341 1268 2400 erat

200 2441 256 2514 vel
290 2445 431 2542 penitus
466 2440 709 2516 indubitatum
743 2440 931 2517 tenebautr
972 2441 1266 2536 verissimumque

200 2573 276 2631 erat
308 2584 444 2656 regem,
480 2573 521 2630 ut
550 2558 723 2653 diximus,
756 2559 929 2633 ducatum
955 2559 1029 2654 jam
1064 2558 1162 2628 sratri
1200 2583 1266 2630 suo

200 2675 396 2748 tradidisse.
434 2680 525 2749 Nam
558 2690 593 2747 et
626 2678 831 2774 capitaneus
860 2689 988 2747 nostrae
1013 2673 1163 2744 civitatis
1195 2673 1267 2744 hoc

200 2792 307 2882 nobis
322 2794 521 2892 scripserat,
535 2795 610 2890 qui,
623 2794 670 2866 ad
683 2809 838 2893 quatuor
851 2807 913 2864 aut
929 2793 1089 2890 quinque
1104 2789 1266 2861 milliaria

200 2927 313 3002 prope
340 2905 528 2977 transitum
559 2905 707 3000 faciens,
727 2904 909 2979 ,Falesiam
933 2903 979 2973 de
1002 2901 1154 2972 Parisius
1180 2925 1265 2998 pro·

201 3019 360 3117 perabat.
394 3008 507 3117 quue
542 3021 649 3093 etiam
675 3044 769 3092 unus
804 3042 996 3116 generosus
1030 3016 1152 3108 miles,
1201 3013 1267 3086 do·

200 3135 319 3209 minus
346 3135 556 3209 Guillelmus
595 3136 641 3207 de
676 3133 954 3213 Trousseauuille
968 3136 992 3224 ¹,
1026 3130 1185 3204 similiter
1220 3129 1266 3202 de

201 3249 354 3322 Parisius
374 3251 551 3343 seriens,
587 3251 784 3339 asserebat,
815 3249 997 3323 affirmans
1025 3238 1109 3319 clim
1150 3269 1266 3319 sacra·

241 3473 271 3534 1.
294 3469 419 3530 octobre
433 3473 523 3530 1165.

242 3566 458 3627 2.ttui11aume
487 3564 524 3623 de
550 3567 806 3636 Trousseaurille,
826 3566 961 3646 seigneur
990 3564 1027 3624 de
1053 3563 1266 3645 Gorguesalles.

201 3658 323 3736 D'apris
343 3656 420 3718 deux
437 3658 551 3717 eidules
569 3658 606 3717 de
622 3658 680 3731 lui,
700 3659 750 3738 qui
763 3671 829 3719 sont
845 3679 884 3718 au
897 3658 1018 3719 Csbinet
1032 3646 1176 3717 destines
1189 3655 1226 3714 de
1240 3657 1269 3715 la

200 3750 276 3812 Bibl.
293 3752 380 3831 imp,
394 3753 415 3811 it
432 3742 626 3812 commandait
647 3767 683 3811 en
702 3756 781 3813 tttt
799 3765 828 3812 et
842 3755 921 3812 1669
938 3753 980 3810 les
1001 3771 1071 3830 gens
1091 3750 1128 3808 de
1145 3750 1212 3808 trait
1232 3750 1268 3808 de

201 3845 405 3906 t’mttre-ban
419 3848 643 3922 eonjointement
657 3866 728 3907 avec
741 3868 782 3906 un
796 3847 996 3906 dimohement
1012 3846 1049 3904 de
1062 3845 1144 3924 vingt
1158 3845 1263 3903 lauans.
