2946 5070
284 494 322 552 58
555 493 811 552 fflstomanuu
831 493 1008 550 tumvlo!
1027 494 1070 550 XI

283 627 346 700 sed
365 640 519 724 qrantus
540 650 666 699 eorum
688 640 857 698 numerus
872 624 945 699 illic
962 648 1070 698 caesus
1087 624 1208 717 fixerit,
1227 628 1344 700 inoer.

227 825 232 832 ,
284 760 361 817 tum
375 743 538 816 habitum
554 759 607 816 est
617 748 638 815 ¹.

332 862 411 932 Fuit
426 860 533 932 etiam
548 859 619 930 illic
643 883 763 931 comes
783 859 829 931 de
853 859 1178 953 {tutando-Monte,
1199 862 1262 934 sed
1291 877 1346 935 ta·

285 1001 368 1049 men
384 1001 457 1049 non
474 975 650 1048 lethaliter
666 989 728 1046 aut
740 976 894 1047 multum
909 975 1073 1071 graviter,
1091 976 1342 1068 vulneratus¹3

285 1095 367 1189 qui,
385 1093 507 1192 paucis
523 1105 603 1190 post
621 1090 758 1163 effluxis
773 1091 922 1183 diebus,
942 1092 1134 1163 convaluit.

627 1391 880 1460 elntrutun
905 1391 1001 1483 xvi.

287 1590 326 1641 De
333 1587 424 1660 praeda
434 1607 528 1660 magna
539 1591 606 1642 sacta
617 1609 633 1642 a
646 1590 737 1660 piratis
748 1591 919 1644 Normonniso
934 1608 1014 1663 snpra
1025 1591 1167 1663 piscatores
1178 1590 1311 1646 flandria
1321 1606 1347 1645 et

428 1671 585 1739 Hollandio,
598 1672 670 1726 etde
680 1674 822 1745 asperrima
833 1674 934 1741 hieme,
946 1691 1019 1728 auno
1027 1692 1201 1730 uococumx.

335 1849 508 1923 Confecto
526 1851 631 1945 igitur
644 1849 741 1921 dicto
759 1849 898 1948 proelio,
914 1850 998 1946 quia
1012 1851 1179 1922 exercitui
1196 1852 1348 1923 Flamin-

288 1989 417 2063 gorum
443 1989 567 2036 currus
605 1965 773 2057 deerant,
807 1966 994 2060 omnisque
1038 1990 1204 2058 annona,
1237 1991 1348 2063 quam

287 2081 529 2173 adduxerant,
554 2106 638 2152 cum
663 2082 761 2153 varia
784 2081 1019 2180 supellectile,
1049 2106 1129 2178 quae
1149 2083 1201 2154 eis
1221 2084 1259 2154 in
1285 2109 1348 2156 sua

288 2201 455 2272 castrensi
472 2199 698 2298 expeditione
715 2201 793 2270 usui
809 2214 846 2271 et
858 2199 1046 2271 alimento⁸
1064 2200 1259 2271 necessaria
1279 2201 1349 2272 fue·

204 2304 213 2315 ’
288 2327 359 2405 rat,
383 2339 404 2386 a
428 2319 646 2386 Francorum
666 2313 844 2411 equitibus
861 2313 916 2383 vel
934 2314 1087 2411 direpta,
1114 2315 1168 2385 vel
1191 2313 1347 2386 abducta

288 2429 418 2522 suerat,
437 2430 598 2527 sequenti
614 2443 694 2528 post
714 2431 879 2529 proelium
898 2429 976 2521 die,
993 2432 1085 2501 intra
1104 2455 1188 2501 suos
1204 2430 1293 2502 fines
1312 2456 1348 2502 se

288 2560 508 2647 recepemnt.
766 2640 770 2649 Ι

338 2667 402 2733 Per
427 2677 538 2734 totam
563 2666 683 2736 autem
707 2677 914 2758 sequentem
937 2662 1113 2753 hiemem,
1142 2661 1238 2733 nulla
1263 2662 1349 2735 hinc

288 2780 372 2852 inde
398 2781 568 2854 terrestris
594 2779 772 2878 expeditio
792 2779 868 2851 suit.
898 2781 1030 2850 Verum
1057 2803 1130 2849 non
1160 2793 1349 2877 propterea

289 2898 410 2970 Franci
441 2922 462 2968 a
494 2896 608 2968 navali
640 2895 864 2994 expeditione
892 2893 1060 2965 adversus
1084 2894 1286 2989 Flamingos
1315 2911 1349 2967 et

289 3013 561 3106 Hollaudrinos,
581 3015 641 3110 qui
665 3037 728 3110 per
741 3027 953 3083 autumnum
968 3025 1003 3081 et
1018 3011 1172 3083 hiemem
1182 3010 1348 3083 halecum

289 3145 326 3202 et
348 3130 498 3200 aliorum
522 3129 674 3227 piscium
698 3128 883 3226 piscationi
908 3151 990 3198 cum
1017 3130 1155 3223 magnis
1177 3126 1349 3200 classibus

291 3245 532 3316 onerariarum
561 3243 705 3314 navium
734 3241 940 3315 incumbere
971 3245 1162 3337 quotannis
1190 3268 1350 3314 cousue-

291 3374 429 3446 verunt,
447 3373 482 3429 et
494 3382 641 3453 magnas
659 3358 735 3429 auri
752 3373 788 3430 et
804 3359 938 3454 argenti
956 3360 1077 3456 copias
1094 3360 1176 3430 inde
1194 3359 1348 3450 trahere,

291 3497 364 3543 non
383 3471 593 3567 quieverunt
610 3485 670 3541 aut
686 3496 724 3543 se
737 3472 1003 3543 continuerunt.
1027 3471 1097 3543 Sed
1118 3471 1274 3543 validam
1295 3474 1349 3569 pi·

291 3590 479 3660 raticarum
503 3589 649 3659 navium
675 3602 781 3683 atque
808 3588 1002 3685 piratarum
1026 3611 1172 3660 manum
1209 3600 1351 3659 contra·

291 3705 435 3795 hentes‚
463 3703 725 3776 multitudinem
758 3704 903 3776 navium
934 3703 1127 3796 Flandriae‚
1154 3704 1352 3779 Hollandiae

336 3948 361 4000 t.
390 3969 402 3993 a
414 3947 459 4001 De
473 3943 499 4000 la
510 3955 575 4021 part
588 3940 626 4000 du
641 3941 707 4009 duc,
722 3942 741 4001 il
755 3961 774 4018 y
788 3954 836 3998 eut
845 3940 910 4018 plus
920 3939 1045 4019 deperte
1055 3960 1111 4018 qne
1123 3940 1160 3999 de
1174 3941 1201 3998 la
1214 3954 1323 4001 nostre.
1335 3966 1349 3993 ι

265 4106 270 4117 .
294 4035 467 4107 Commines,
485 4035 505 4093 1.
523 4038 576 4103 vt,
591 4033 638 4092 ch.
653 4052 681 4092 v.

334 4131 363 4186 2.
389 4153 403 4182 ‹
413 4131 506 4187 Navre‘
520 4128 609 4206 d'ung
621 4128 735 4186 vireton
747 4129 763 4184 l
777 4127 805 4184 la
819 4126 923 4186 cuisse.
937 4152 951 4179 ι
965 4127 1094 4199 molinet,
1112 4141 1131 4185 t.
1148 4131 1192 4201 11,
1207 4127 1255 4186 ch.
1270 4149 1348 4188 mr.

335 4224 363 4279 ³.
388 4224 523 4278 Alimeutt
535 4221 606 4281 dans
618 4221 645 4280 le
659 4239 713 4279 nn.
