2946 5070
594 493 700 550 amun
720 492 871 549 Fuluus.
1199 492 1252 547 351

199 626 419 724 percipiendi
438 641 474 699 et
492 625 682 723 colligendi
697 622 956 712 conceduntur,
974 622 1106 695 nullius
1117 620 1260 695 alterius

190 742 252 812 ¹rei
288 766 410 815 curam
444 757 569 841 gerant
602 765 716 840 quam·
746 755 808 833 ut,
847 739 1001 812 maxime
1031 740 1258 813 corradentes

199 879 434 957 quaecuuuluc
448 872 611 960 possunt,
622 883 691 931 sua
707 857 751 930 de
764 871 839 928 tam
856 856 1026 951 sacrilego
1045 868 1179 954 quaestu
1193 853 1260 927 far-

199 973 295 1045 ciant
312 975 511 1077 mamupin,
531 1000 649 1074 neque
670 975 736 1047 Dei
759 974 948 1065 timorem,
966 996 1084 1069 neque
1100 971 1209 1043 decus
1225 986 1261 1044 et

200 1089 378 1164 honorem
393 1093 548 1167 ecclesiae
563 1094 620 1165 vel
642 1092 828 1164 utilitatem
844 1089 1017 1163 habentes
1036 1112 1109 1187 prae
1133 1088 1257 1178 oculis,

200 1207 263 1279 sed
276 1209 378 1281 nihili
391 1235 535 1309 prorsus
550 1192 782 1308 pensitantes3
796 1207 872 1304 jam
884 1187 987 1278 annis
1004 1203 1114 1277 ferme
1130 1229 1260 1277 novem

200 1348 269 1396 nos
294 1339 330 1397 et
356 1327 540 1399 ecclesiam
572 1342 678 1424 atque
708 1339 850 1396 nostros
879 1322 1128 1419 hujuscemodi
1156 1322 1261 1394 fuisse

200 1439 459 1514 calamitatibus
476 1443 674 1532 involutos;
693 1466 813 1538 regem
831 1462 972 1539 semper
988 1438 1094 1512 luisse
1108 1439 1263 1537 pertina-

200 1556 338 1629 cissime
357 1556 594 1631 obfirmatum
613 1582 807 1657 pravorum
832 1552 1116 1652 suggestionibus
1136 1568 1172 1626 et
1186 1569 1261 1626 ma·

201 1670 457 1767 chiuameutis,
476 1672 576 1773 quod
598 1696 786 1770 nunquam
802 1671 1037 1770 permissurus
1055 1671 1099 1742 sit
1120 1683 1261 1769 tempo-

202 1785 329 1857 ralium
346 1787 503 1859 ecclesiae
518 1811 585 1859 nos
602 1785 909 1858 administratione
929 1786 1054 1884 potiri,
1071 1809 1138 1856 nec
1156 1784 1213 1857 vel
1225 1785 1261 1857 in

202 1903 347 1976 dioe'cesi
368 1904 424 1976 vel
442 1905 480 1976 iu
496 1906 682 2005 provincia
696 1904 872 1995 residere3
891 1904 988 2003 quod
1015 1905 1045 1977 si
1059 1904 1263 2004 permittere
1362 1974 1365 1979 .

202 2043 239 2091 se
263 2018 416 2113 diceret,
442 2045 485 2094 ex
511 2020 567 2093 bis
590 2036 711 2094 tamen
732 2045 810 2119 quae
838 2020 883 2093 de
906 2021 977 2092 suis
997 2018 1261 2111 securitatibus,

203 2131 273 2205 fide
290 2149 397 2234 atque
409 2136 565 2232 justitia,
587 2151 665 2208 tum
681 2137 721 2208 in
746 2136 851 2210 nobis
868 2138 968 2236 ipsis,
987 2151 1064 2209 tum
1084 2138 1121 2209 in
1138 2160 1263 2233 quam·

202 2248 363 2346 plurimis
399 2253 476 2325 aliis
508 2265 692 2351 comperta
724 2251 939 2344 habuimus,
973 2278 1048 2325 non
1078 2277 1115 2325 se
1144 2252 1264 2325 videre

203 2366 354 2460 qualiter
376 2366 421 2441 de
444 2368 528 2467 ipsis
551 2369 625 2440 ullo
649 2382 756 2466 pacto
785 2367 895 2441 fidere
916 2367 1140 2440 deberemus.
1166 2371 1262 2456 Qua·

204 2497 349 2581 propter
364 2485 539 2583 supplices
554 2499 590 2556 et
601 2483 672 2557 alta
686 2485 865 2558 trahentes
881 2486 1044 2584 suspiria,
1060 2483 1167 2558 nobis
1183 2506 1265 2582 sup-

203 2597 381 2694 plicarunt
405 2616 598 2698 quatenus,
624 2627 692 2700 pro
718 2602 925 2699 hujusmodi
948 2603 1080 2695 causis,
1111 2599 1266 2673 ecclesiae

205 2715 382 2812 primum,
402 2716 687 2789 cuilamulatum
704 2732 868 2789 nostrum
884 2718 1091 2816 impendere
1108 2741 1184 2788 non
1199 2739 1265 2813 po·

203 2844 377 2922 teramus,
397 2833 511 2904 causis
537 2857 626 2930 quas
647 2832 802 2903 diximus
826 2846 862 2903 et
877 2833 1053 2905 violentiis
1073 2829 1263 2930 prohibiti,

205 2946 315 3043 quieti
329 2947 436 3019 etiam
457 2961 585 3020 nostrae
606 2963 712 3045 atque
728 2949 806 3018 vitae
829 2962 865 3019 et
884 2963 994 3021 status
1018 2948 1072 3018 sui
1088 2948 1264 3021 securitati

204 3075 507 3161 ceterorumque,
538 3064 620 3162 qui,
654 3062 815 3135 similiter
843 3078 884 3134 ut
912 3063 998 3162 ipsi,
1032 3058 1099 3134 sub
1132 3064 1267 3160 ingenti

205 3200 338 3274 pavore
359 3174 466 3277 atque
495 3178 686 3251 formidine
713 3176 762 3250 ob
788 3203 931 3251 causam
949 3180 1061 3251 nostri
1087 3181 1195 3253 vitam
1211 3178 1266 3254 in-

206 3291 343 3367 felicem
361 3297 519 3387 trahunt,
538 3295 741 3395 prospicere
755 3309 861 3393 atque
877 3296 1063 3368 consulere
1080 3297 1263 3371 vellemus.

254 3412 379 3486 audita
395 3414 513 3513 itaque
531 3428 566 3487 et
582 3413 726 3508 cognita
743 3413 942 3485 calamitate
957 3415 994 3484 in
1013 3438 1085 3512 qua
1105 3429 1141 3487 et
1158 3417 1268 3488 eccle·

207 3529 259 3602 sia
275 3545 352 3603 erat
367 3547 402 3604 et
423 3533 491 3631 ipsi
509 3532 621 3604 nostri
638 3532 809 3628 germani,
825 3533 888 3630 qui
907 3532 956 3605 ob
972 3556 1132 3606 amorem
1155 3535 1268 3607 nostri

206 3643 315 3741 longa
330 3648 451 3722 exsilia
475 3649 673 3746 multasque
693 3648 905 3722 afflictiones
922 3649 1161 3747 pertulerant,
1191 3650 1266 3722 alii-

208 3786 279 3858 que
306 3765 379 3837 cari
395 3779 431 3836 et
447 3766 553 3837 aruici
569 3766 699 3858 nostri3
719 3790 846 3839 eorum
864 3764 1053 3861 gemitibus
1072 3781 1179 3864 atque
1194 3767 1267 3839 sio·
1333 3851 1337 3859 Ι

210 3880 364 3973 μίῐὶὸιιε
394 3882 568 3980 permoti,
597 3896 635 3953 et
657 3883 810 3954 manime
836 3880 935 3980 quod
956 3907 1022 3954 nec
1054 3883 1091 3952 in
1120 3880 1268 3956 ecclesia

209 4020 273 4067 seu
285 3996 428 4071 dioecesi
456 4012 578 4072 nostra
597 3997 656 4070 rel
682 3999 718 4069 in
750 3999 935 4097 provincia
960 3999 1187 4071 Normanuiae
1215 4026 1271 4072 us·

209 4114 306 4213 piam
329 4130 420 4189 stare
435 4141 504 4189 seu
526 4114 680 4189 residere
697 4117 853 4214 permitti
875 4138 942 4188 nec
966 4113 1040 4186 ullo
1056 4129 1162 4214 pacto
1178 4141 1269 4214 quo·

210 4256 364 4330 cumque
383 4235 464 4306 loco
487 4228 554 4305 sub
582 4231 652 4303 hoc
676 4250 757 4326 rege
780 4230 908 4327 degere
925 4228 1172 4333 sperabamus,
1203 4258 1270 4306 nec
