2946 5070
214 511 272 570 sos
637 505 837 578 reomau,

214 638 521 739 quemadmodum
537 638 741 727 retulimus,
762 651 798 708 et
812 635 893 708 lassi
917 648 953 706 et
977 635 1179 734 plurimum
1193 638 1273 711 alte·

213 754 278 824 rati
295 751 525 825 redieramus.
553 754 627 821 -Nec
648 749 722 820 ullo
738 747 850 820 modo
869 746 1072 819 haesitamus
1087 749 1148 819 vel
1164 748 1273 821 ambi·

212 894 322 965 guum
340 867 515 940 habemus
533 866 634 962 quin,
647 866 677 936 si
698 863 817 937 adhuc
828 861 900 935 sub
917 863 1055 935 ditione
1071 879 1109 937 et
1124 866 1163 937 in
1179 867 1274 938 terris

211 987 301 1082 regis
338 985 474 1055 inventi
507 981 709 1071 fuissemus,
743 979 950 1077 hujusmodi
982 982 1274 1078 peregrinationis

210 1125 303 1173 onus
314 1123 456 1172 necesse
473 1097 593 1170 subire
612 1097 881 1185 habuissemus3
902 1096 999 1167 unde
1016 1099 1148 1195 procul
1166 1098 1273 1172 dubio

209 1242 396 1317 nunquam
424 1215 667 1310 rediissemus,
692 1229 826 1289 attenta
847 1213 1052 1286 vehementi
1068 1216 1273 1290 alteratione

208 1359 318 1432 quam
334 1335 598 1407 incurreremus
618 1332 673 1428 (et
695 1346 773 1403 tum
795 1328 915 1403 adhuc
938 1354 981 1402 ea
1008 1325 1272 1429 detinebamur)

207 1477 251 1525 ex
277 1450 369 1524 sacta
396 1448 561 1546 proximo
583 1462 666 1521 ante
689 1472 812 1520 mense
832 1461 870 1518 et
891 1446 1081 1546 perlimcta
1098 1448 1160 1521 illa
1183 1451 1271 1546 lega·

207 1569 317 1640 tione.
346 1569 430 1640 Erat
445 1566 543 1640 enim
563 1587 606 1636 ea
621 1582 704 1662 pars
723 1565 832 1657 anni,
858 1588 998 1657 meuses
1016 1565 1154 1636 scilicet
1170 1566 1271 1638 estivi

202 1684 294 1780 junii
311 1696 347 1754 et
358 1681 458 1778 julii,
487 1681 524 1751 in
542 1679 673 1777 quibus
694 1680 731 1750 in
748 1679 809 1752 illa
823 1678 961 1751 torrida
976 1680 1127 1776 regione
1147 1683 1271 1756 solares

104 1792 118 1803 ’“
206 1812 308 1869 aestus
323 1797 443 1869 saevire
458 1795 612 1869 maxime
626 1808 661 1865 et
676 1805 812 1866 torrere
826 1810 1105 1867 consueverunt.

255 1915 325 1986 Sed
346 1913 417 2006 ille,
443 1927 478 1984 et
500 1936 575 1983 non
593 1910 696 1996 alius,
727 1924 803 1981 erat
826 1910 936 1981 totius
955 1909 1168 2007 hujusmodi
1183 1913 1269 2009 lega·

207 2033 315 2105 tionis
330 2030 456 2105 affictae
472 2045 508 2102 et
523 2028 731 2127 compositae
747 2026 848 2117 finis,
866 2025 913 2099 ab
927 2027 1001 2109 illisf
1013 2020 1271 2128 impiissimiset

200 2147 449 2246 'perfidissimis
464 2143 675 2218 bominibus
694 2144 864 2236 intentus,
880 2144 943 2241 qui
959 2169 1036 2215 non
1054 2145 1154 2218 aliud
1171 2171 1270 2243 quam

206 2288 274 2334 nos
285 2262 465 2360 perditum
484 2262 528 2332 iri
544 2258 781 2334 etlaboribus
795 2272 902 2355 atque
913 2260 1088 2332 molestiis
1101 2277 1139 2334 et
1153 2263 1271 2335 inediis

207 2375 571 2474 confici-satagebant
597 2391 633 2447 et
659 2374 886 2472 quaerebant,
911 2390 952 2447 ut
973 2376 1101 2471 nobis,
1126 2403 1270 2477 quoquo

205 2494 317 2567 modo
333 2494 405 2566 vita
420 2492 561 2581 functis,
574 2491 620 2565 ad
634 2492 894 2590 assequendam
909 2493 1100 2566 ecclesiam
1117 2511 1270 2568 nostram

205 2626 351 2710 possent
371 2610 569 2708 pervenire.
599 2613 764 2696 Quorum
783 2609 957 2710 improbis
984 2626 1019 2682 et
1040 2613 1186 2685 nefariis
1201 2639 1270 2709 sug·

206 2726 426 2826 gestionjbus
453 2726 489 2795 in
516 2739 655 2796 tantum
682 2751 743 2796 rex
772 2724 994 2800 obaudiebat
1021 2752 1270 2824 assensumque

206 2842 394 2942 praestabat
415 2856 474 2933 ut,
493 2866 515 2915 a
532 2841 714 2912 nonnullis
738 2841 783 2913 de
808 2841 1043 2940 primioribus
1067 2859 1177 2940 atque
1200 2846 1271 2917 iuti·

205 2959 380 3041 mioribus
396 2959 458 3055 qui
474 2958 569 3028 circa
586 2981 706 3052 regem
723 2973 842 3049 erant,
869 2959 976 3031 nobis
988 2985 1062 3057 -per
1079 2959 1175 3033 fidos
1188 2987 1271 3032 nun·

205 3075 274 3146 tios
296 3074 345 3146 ob
371 3098 451 3146 eam
469 3074 583 3145 solam
608 3096 752 3143 causam
778 3071 825 3145 ad
848 3097 915 3146 nos
937 3073 1149 3148 aduoentis
1170 3076 1270 3148 leucis

205 3191 331 3288 procul
348 3214 462 3287 usque
477 3189 731 3287 Perpinianum
749 3189 876 3261 missos
892 3191 993 3286 (nam
1006 3191 1079 3277 tale
1098 3209 1269 3266 secretum

203 3305 328 3377 litteris
342 3305 565 3377 committere
577 3304 869 3377 nullatenusausi
881 3305 1045 3402 luissent)
1057 3308 1270 3381 nobissuerit

205 3421 337 3520 pluries
361 3421 576 3510 nuntiatum,
602 3421 809 3518 priusquam
835 3421 1051 3519 Perpiniano
1088 3424 1269 3497 excedere·

204 3563 297 3629 mus,
308 3551 499 3635 postquam
508 3551 628 3609 tamen
642 3536 822 3608 licentiam
829 3538 1078 3610 revertendi'm
1087 3538 1269 3615 Fianciam

201 3653 277 3750 jam
293 3676 565 3750 acceperamus,
586 3651 685 3749 quod
702 3653 738 3722 in
758 3651 966 3749 hujusmodi
982 3644 1156 3730 concessa
1171 3654 1269 3728 nobis

204 3769 347 3842 licentia
360 3792 488 3866 parum
508 3766 617 3839 fidere
634 3765 868 3858 debebamus,
890 3769 1064 3867 quodque
1089 3772 1196 3844 nobis
1214 3796 1269 3844 ue·

203 3886 395 3960 cessarium
422 3899 516 3974 erat,
550 3884 579 3955 si
604 3883 701 3955 illinc
736 3883 902 3957 recedere
933 3908 1097 3984 unquam
1125 3887 1267 3961 debere·

204 4030 301 4098 mus,
325 4004 435 4076 alium
456 4000 615 4074 colorem
642 4000 740 4099 apud
762 4006 882 4098 regem
900 4003 1139 4101 pretendere,
1164 4030 1265 4104 quam

203 4121 293 4192 aeris
310 4133 346 4191 et
364 4119 537 4191 coelorum
562 4115 655 4188 illius
679 4129 781 4188 terrae
804 4118 1119 4215 intemperantiam
1140 4135 1176 4209 et
1202 4120 1265 4193 ds·

200 4237 489 4311 convenientiam
506 4246 634 4308 nostrae
650 4232 893 4332 complexioni
909 4250 945 4309 et
959 4236 1085 4330 alati,
1103 4263 1190 4314 nam
1205 4238 1263 4310 ltu·
