2946 5070
206 506 263 563 nl
630 504 834 561 aestuum.

206 637 283 706 vitae
299 637 432 706 exinani
449 635 560 706 secit¹.
581 639 648 706 Pro
664 636 796 732 quibus
811 651 931 708 nmen
948 637 1126 709 oninibus
1141 641 1257 710 nostris

203 751 488 850 persecutoribus
513 752 690 850 supplices
714 752 873 823 divinam
898 777 1093 825 exoramus
1117 755 1259 826 clemen

201 870 289 942 tiam
308 885 482 967 quatenus
496 894 559 940 eos
574 894 618 939 ex
636 870 733 967 ipsis,
753 871 815 966 qui
830 869 951 941 adbuc
968 872 1177 969 superstites
1192 897 1259 944 ma·

205 1001 302 1075 nent,
326 986 373 1058 ad
396 1010 516 1058 veram
532 985 778 1083 poenitentiam
799 1010 878 1083 qua
899 986 1161 1083 indulgentiam
1185 1013 1261 1086 pro

204 1105 330 1175 mereri
353 1102 468 1174 valeat
483 1101 695 1173 delictorum
709 1099 902 1187 adducere,
920 1102 978 1173 his
996 1128 1097 1189 sero,
1118 1106 1181 1201 qui
1192 1104 1261 1200 jam

202 1243 243 1287 ex
258 1217 329 1289 boc
346 1216 474 1288 saeculo
487 1215 533 1288 de
550 1216 634 1313 ipsis
644 1216 870 1299 transierunt,
888 1218 1068 1314 propitius
1082 1232 1119 1288 et
1134 1219 1264 1290 miseri·

202 1358 283 1405 cors
299 1333 462 1404 exsistere
476 1332 653 1427 dignetur.
673 1333 767 1402 Licet
783 1333 880 1402 enim
895 1357 964 1431 pro
977 1334 1134 1431 suscepti
1150 1335 1263 1432 operis

201 1449 455 1548 adimpletione
473 1474 598 1521 eorum
616 1448 724 1548 impie
745 1448 783 1519 in
799 1472 866 1520 nus
883 1447 1040 1522 admissa
1055 1450 1185 1523 relerre
1205 1477 1260 1524 ne·

201 1588 297 1636 cesse
318 1564 526 1653 babeamus,
554 1565 635 1662 plus
659 1579 779 1636 tamen
802 1562 849 1636 de
872 1588 1001 1637 eorum
1026 1566 1263 1664 impietatibus

200 1680 472 1777 animarumque
482 1680 664 1780 periculis,
685 1704 795 1775 quam
811 1704 878 1777 pro
895 1678 1039 1752 damnis
1055 1694 1165 1778 atque
1180 1682 1262 1777 inju-

201 1797 272 1886 riis,
291 1821 379 1895 <luas
398 1799 464 1897 ipsi
483 1795 590 1871 nobis
606 1794 815 1885 intulerunt,
831 1795 1013 1868 tristamur
1032 1809 1070 1867 et
1086 1795 1260 1886 dolemus;

202 1939 267 1986 nec
280 1940 347 2014 pro
360 1916 423 2002 eis,
437 1913 521 1986 licet
532 1911 638 1985 nubis
651 1911 902 1984 inimicissimis
918 1911 996 1983 sine
1010 1934 1139 2001 causa,
1155 1916 1263 1985 Deum

199 2030 400 2129 deprecari,
416 2031 516 2127 juxta
533 2029 774 2125 evangelicam
788 2026 980 2101 salvatoris
997 2029 1116 2101 nostri
1135 2028 1262 2102 docui·

201 2170 299 2232 nam‚
318 2161 424 2244 atque
438 2171 541 2220 orare
555 2144 754 2218 omisimus.

527 2393 788 2496 cisrrutuu
821 2425 929 2495 xxii.

201 2616 345 2684 Quomodo
358 2614 490 2688 predictis
501 2619 585 2671 causis
597 2631 621 2670 et
634 2617 766 2672 violentiis
784 2617 914 2688 prohibiti
930 2635 1025 2670 sumus
1042 2620 1181 2673 ecclesiam
1197 2639 1264 2692 repe·

236 2716 305 2769 tere,
321 2714 347 2754 et
359 2699 432 2771 quud
444 2699 478 2753 de
489 2702 607 2755 absentia
618 2714 711 2757 nostra
724 2704 758 2757 ab
769 2700 862 2755 eadem
879 2702 1009 2756 fuerimus
1026 2721 1173 2775 sumusque
1185 2707 1264 2759 nuo-

236 2789 359 2843 nubiliter
372 2788 497 2841 excusati.

252 2972 320 3039 Pro
334 2963 539 3062 hujusmodi
556 2965 661 3060 igitur
676 2962 803 3052 causis,
821 2959 989 3034 violentia
1005 2961 1176 3063 dolisque
1191 2990 1263 3065 pra·

201 3108 329 3154 vorum
363 3097 399 3154 et
424 3081 617 3178 impiorum
638 3078 810 3179 prohibiti
839 3077 1013 3151 hactenus
1047 3079 1182 3153 fuimus
1213 3108 1263 3155 su·

202 3224 350 3295 musque
367 3197 414 3269 ad
430 3196 530 3268 sedes
545 3196 708 3294 proprias
724 3195 869 3287 reverti,
887 3195 1064 3291 veritique
1080 3222 1221 3297 semper
1234 3213 1263 3270 et

202 3340 276 3386 non
293 3313 339 3386 ab
362 3339 399 3385 re
424 3312 543 3412 pavidi
560 3336 626 3383 nos
643 3311 735 3383 illius
753 3310 849 3403 fidei,
872 3311 1014 3406 justitiae
1031 3316 1262 3412 potestatique

203 3431 437 3520 committere,
458 3428 558 3525 cujus
571 3428 657 3499 tales
673 3451 733 3499 eas
749 3451 836 3519 esse,
855 3427 978 3522 quales
992 3453 1105 3525 supra
1123 3430 1261 3502 retexui·

202 3569 298 3628 mus,
325 3544 556 3634 offendimus,
582 3559 618 3615 et
641 3558 718 3614 turn
742 3544 779 3613 iu
802 3542 962 3641 plurimis
982 3545 1219 3643 maximisque
1232 3559 1261 3617 et

203 3661 440 3733 illustrissimis
457 3659 689 3760 principibus,
708 3660 833 3731 tumin
849 3657 1053 3757 nobisipsis
1067 3662 1262 3759 frequenter

201 3793 401 3878 compertas
426 3776 637 3865 lrabuirnus;
669 3777 933 3872 consultiusque
963 3775 1135 3850 duximus
1164 3794 1259 3876 atque

201 3895 405 3992 eligibilius,
431 3894 556 3991 procul
577 3919 598 3966 a
623 3893 787 3991 periculis
811 3907 882 3965 tarn
906 3892 1104 3965 manifestis
1125 3909 1258 3991 tamque

242 4078 271 4132 l.
294 4076 317 4132 ll
336 4075 379 4132 sut
397 4074 514 4131 exiente
533 4073 561 4130 le
576 4078 592 4131 'l
609 4073 681 4130 avril
697 4075 774 4132 ΗΠΒ
792 4073 961 4141 albitius,
978 4092 1057 4150 pour
1070 4076 1155 4134 avoir
1168 4074 1211 4132 ete
1223 4071 1256 4130 tu

200 4168 328 4246 curuplot
340 4167 391 4247 qui
404 4169 476 4226 lisra
490 4173 630 4226 Lectoure
640 4186 677 4225 au
687 4178 780 4225 comte
794 4166 997 4246 d'Armagnac‚
1013 4166 1072 4227 ala
1088 4170 1131 4228 tin
1143 4168 1180 4227 de
1191 4167 1253 4224 l'm·

202 4266 257 4322 nee
269 4261 450 4343 precedente.
