2946 5070
579 528 690 587 LIBER
707 529 858 587 sentus,
1182 532 1237 589 ttt

182 656 293 728 Nimis
309 656 404 727 enim
421 655 619 751 legentibus
637 657 856 730 fastidiosum
872 672 974 750 esset,
993 660 1022 731 si
1038 662 1160 734 omnia
1175 663 1242 735 lru·

177 772 378 870 juscemodi
395 788 522 845 contra
543 799 610 845 nos
629 775 800 846 intentata
816 789 852 845 et
867 775 1038 870 exquisita
1056 779 1242 851 molimina

180 891 343 988 presenti
357 902 485 961 nostrae
502 891 675 989 apologie
692 891 864 963 vellemus
879 893 1046 964 inserere.
1065 922 1069 929 ·

508 1193 761 1284 CAPlTll-lllll
785 1195 910 1284 >ullu

404 1398 504 1452 lterum
514 1395 567 1452 ulia
580 1395 696 1470 objectio
710 1410 736 1450 et
748 1394 784 1451 ad
794 1415 852 1452 erm
863 1397 1010 1471 responsio.

227 1573 297 1649 Sed
313 1573 432 1648 adhuc
448 1573 567 1649 sorsen
580 1573 688 1648 etiam
701 1573 782 1670 quis
797 1597 865 1647 nos
876 1574 1021 1674 culpare
1038 1574 1239 1668 conabitur,

178 1704 214 1764 et
240 1691 404 1779 omnium
426 1689 728 1788 persecutionum,
755 1713 844 1785 quus
867 1704 940 1762 tam
965 1691 1003 1761 in
1030 1690 1135 1762 nobis
1159 1692 1243 1789 ipsis

177 1832 288 1903 quam
302 1809 339 1883 in
356 1808 483 1881 nostris
499 1807 656 1905 perpessi
672 1830 808 1899 sumus,
826 1806 969 1905 culpam
985 1807 1023 1878 in
1043 1831 1109 1878 nos
1126 1807 1245 1880 detor·

177 1949 287 2021 quere
302 1924 475 2016 studebit,
497 1924 598 2022 quod
614 1948 687 1996 non
705 1925 928 2024 paruerimus
946 1925 1037 2020 regis
1055 1925 1239 2021 mandato,

177 2064 264 2137 quo,
284 2056 392 2139 prout
406 2066 514 2140 supra
531 2041 727 2130 retulimus,
745 2042 975 2141 precipiebat
991 2057 1033 2115 ut
1045 2043 1175 2114 servitii
1185 2046 1241 2116 sui

175 2181 283 2231 causa
298 2159 550 2256 Perpiuianum
564 2173 830 2231 reverteremur.
848 2162 927 2230 llon
945 2159 1054 2249 enim,
1074 2173 1114 2230 ut
1129 2160 1241 2232 videri

175 2271 354 2370 aliquibus
370 2275 513 2372 poterit,
534 2268 893 2373 mandeto'principis
911 2273 1085 2347 obaudire
1103 2275 1240 2348 detrec·

176 2401 251 2462 lere
269 2389 476 2480 debuimus,
504 2414 606 2482 cum,
635 2405 675 2462 nt
695 2391 883 2489 Apostolus
907 2392 1064 2490 praecipit
1082 2420 1100 2460 u
1124 2396 1242 2481 omnis

175 2502 296 2579 anima
303 2502 535 2600 potestatibus
545 2503 814 2579 sublimioribus
824 2503 966 2579 subdita
975 2529 1051 2577 esse
1061 2505 1202 2591 debeat,
1221 2538 1238 2575 e

175 2630 212 2688 et
230 2646 247 2690 u
267 2619 328 2714 qui
342 2619 506 2716 potestati
522 2620 664 2708 resistit,
683 2621 747 2693 Dei
768 2649 786 2695 u
804 2635 846 2695 ut
860 2619 958 2693 idem
973 2620 1089 2718 inquit
1109 2651 1127 2688 α
1144 2622 1240 2695 ordi-

176 2732 314 2813 nationi
341 2734 480 2811 resistit.
502 2765 520 2803 n
539 2734 649 2822 Quod
670 2749 705 2809 ct
730 2732 889 2809 similiter
910 2733 1036 2808 beatus
1059 2736 1240 2832 apostolus

178 2849 300 2923 Petrus
313 2847 472 2946 precipit
489 2876 498 2918 r
521 2878 538 2914 «
557 2847 697 2927 subdiri
714 2872 732 2917 u
751 2848 867 2944 inquit
885 2876 904 2929 u
924 2863 1036 2921 estote
1052 2851 1152 2922 omni
1166 2850 1240 2923 hu-

176 2985 290 3041 manae
305 2977 472 3037 creaturae
487 2978 634 3062 propter
647 2968 775 3052 Deum,
796 2964 868 3049 sive
882 2964 956 3060 regi
971 2965 1072 3061 quasi
1088 2967 1239 3063 praecel-

176 3079 280 3170 lenti,
301 3094 370 3151 etc.
394 3095 466 3152 net
482 3080 568 3154 alibi
588 3108 608 3149 κ
629 3104 704 3152 non
720 3094 859 3152 tantum
875 3079 981 3152 bonis
999 3095 1033 3152 et
1053 3080 1235 3175 modestis,

175 3195 360 3268 sedetiam
379 3195 544 3293 dyscolis.
568 3225 585 3263 n

224 3311 296 3383 Sed
310 3327 406 3384 certe
429 3313 459 3383 si
480 3310 560 3409 quis
575 3334 637 3395 ea,
664 3335 742 3408 quse
763 3313 924 3410 superius
946 3310 1089 3385 enohis
1105 3327 1237 3384 retexta

174 3441 270 3516 sunt,
289 3427 336 3500 de
351 3430 478 3519 causis,
497 3442 643 3528 propter
658 3454 747 3527 ques
765 3429 828 3501 illo
845 3429 972 3501 reverti
989 3431 1066 3501 sine
1081 3430 1234 3500 evidenti

175 3545 300 3633 mortis
314 3546 472 3642 periculo
487 3571 563 3630 non
580 3546 723 3638 licebat,
740 3546 786 3620 ad
802 3545 1170 3636 mentemreduxerit,
1190 3547 1207 3616 l
1223 3588 1237 3605 ·

173 3662 241 3733 cile
257 3661 388 3733 talibus
404 3661 666 3758 objectionibus
683 3664 898 3735 satisfactum
914 3686 989 3734 esse
1003 3661 1183 3757 intelliget.

226 3807 245 3846 u
264 3782 360 3850 iuste
382 3779 516 3875 impera
536 3809 553 3845 s
572 3781 624 3859 ait
642 3783 777 3852 Seneca
797 3780 843 3852 ad
865 3783 1060 3864 Neronem3
1086 3806 1105 3844 o
1127 3796 1236 3851 nemo

148 3918 250 4001 ,non
279 3894 405 3969 eadem
427 3894 535 3966 volet.
555 3926 574 3962 e
599 3897 765 3993 Alioquin
793 3897 824 3967 si
848 3894 1016 3994 ptmdicts
1040 3894 1237 3991 apostolica

131 4030 143 4057 ⁹
174 4026 349 4109 precepta
362 4012 469 4083 etiam
484 4010 532 4082 de
549 4010 617 4102 his,
636 4010 697 4109 qui
714 4013 821 4110 impie
838 4026 873 4084 et
891 4012 1019 4107 injuste
1033 4034 1100 4080 nos
1115 4009 1237 4081 volent

172 4127 376 4224 opprimere
391 4142 427 4197 et
448 4126 495 4198 ad
513 4126 614 4198 illum
633 4127 744 4215 linem
765 4127 872 4200 nobis
894 4129 1085 4223 imperent,
1105 4126 1236 4198 intelli-

173 4241 291 4337 genda
303 4241 432 4336 serent,
443 4244 622 4317 cornaria
636 4258 753 4317 essent
762 4259 798 4316 et
807 4244 956 4333 adversa
966 4257 1144 4341 precepto
1159 4244 1235 4315 Sel·
