2946 5070
333 510 391 567 m
756 504 946 562 ΜΔ

332 637 1395 736 nonimprobabilitmddubitneioeitne,si,deqnilm·

329 752 1395 854 annqueetqtnlitermrnquerobontisnrisoonfisipo

332 870 582 959 missionibus,
606 871 643 940 in
667 884 779 940 terres
798 883 1057 940 reverteremur
1073 894 1148 940 m
1169 869 1338 958 ditionis,
1360 889 1396 943 ut

332 1014 407 1059 non
429 988 586 1060 deterius
605 988 841 1084 suspicemur,
859 1010 964 1084 peres
981 985 1108 1057 sulm
1132 988 1172 1056 in
1195 988 1316 1084 poern‘s
1333 989 1396 1060 illis

332 1107 405 1177 suis
415 1104 601 1202 quondam
614 1103 837 1174 mitissimis
849 1126 917 1175 nos
927 1102 1072 1192 innan,
1083 1102 1220 1175 stiliiiet
1228 1104 1396 1177 mrdirni

332 1221 509 1292 Balueet
539 1218 753 1290 virdunensi
785 1219 973 1317 episcopo,
1006 1218 1215 1324 qnosdiris
1244 1222 1397 1292 ettetris

332 1337 555 1434 nuncipotos
575 1333 781 1406 carceribus
797 1334 873 1430 jam
893 1334 1005 1407 tenne
1025 1357 1095 1431 per
1109 1339 1395 1431 quinquenni-

332 1453 834 1547 asserrasitatqueaeservan
854 1450 1394 1547 itaquippernintnntotem·

325 1546 430 1663 'poris
455 1589 630 1665 procursu
658 1565 754 1635 viem
778 1562 847 1635 nbi
873 1565 1013 1662 apffire
1039 1565 1185 1659 justitie
1212 1581 1395 1664 npetnre

333 1681 497 1753 nondum
514 1681 710 1778 potuerint,
728 1680 811 1750 lioet
826 1703 895 1776 pro
909 1679 996 1777 ipsis
1016 1704 1110 1777 sepe
1123 1679 1279 1751 adeum
1296 1682 1395 1757 linem

332 1800 463 1875 summi
497 1796 685 1894 pontifices
704 1811 741 1867 et
766 1793 958 1890 collegium
986 1794 1229 1868 cardinalium
1259 1821 1397 1892 mugnus

333 1928 441 2012 atque
460 1916 684 2012 importunes
700 1912 848 1982 iecerint
865 1912 1082 1996 instnnties¹3
1101 1911 1168 1983 sed
1187 1926 1224 1982 et
1239 1938 1309 1984 nec
1323 1913 1397 1984 luo

332 2045 439 2102 tenus
447 2030 493 2102 de
506 2029 639 2127 quihus
652 2042 863 2111 annuentin
872 2027 1099 2115 criminibus,
1113 2052 1181 2100 seu
1194 2030 1397 2128 pmqrnlnu

334 2147 545 2244 deprehensi
558 2145 765 2240 detentique
783 2145 929 2232 inerint,
948 2145 1119 2242 unquam
1134 2146 1223 2217 sat‘n
1240 2147 1289 2218 ad
1304 2149 1398 2246 liqui

335 2265 422 2337 dum
447 2282 672 2365 compertum
693 2267 873 2337 exstiterit.
900 2269 991 2336 Cum
1017 2266 1137 2353 enim,
1166 2281 1209 2336 ut
1229 2267 1396 2360 diximiu,

335 2384 467 2480 prefati
484 2386 595 2455 nostri
611 2384 885 2456 calumniatores
899 2385 1029 2455 totiens
1045 2384 1280 2482 impleverint
1297 2391 1399 2483 regias

334 2523 438 2570 eures
465 2500 564 2594 quod
595 2501 758 2571 omnium
783 2524 804 2572 a
835 2500 940 2571 dictis
967 2501 1120 2597 prelatis
1146 2504 1398 2576 intentatorum

334 2616 507 2686 scelerum
526 2617 632 2715 (que,
651 2617 770 2714 qualia
786 2619 869 2707 sint,
891 2617 1032 2714 penitus
1047 2619 1278 2714 ignoramus)
1290 2637 1401 2692 aucto

335 2757 390 2802 res
406 2734 680 2831 inventoresque
698 2758 773 2805 esse
789 2732 1040 2821 debueramus,
1059 2757 1136 2804 non
1152 2735 1399 2808 irrationabili

335 2863 401 2938 ter,
423 2864 462 2919 ut
477 2850 730 2936 existimamus,
746 2849 949 2920 humescere
967 2861 1001 2918 et
1018 2847 1218 2921 sormidam
1234 2851 1400 2924 debemus

337 2966 373 3033 in
391 2965 477 3035 tales
492 2965 651 3035 incidere
666 2988 805 3054 manus,
820 2965 883 3036 uhi
898 2990 965 3036 nec
976 2965 1133 3061 legitime
1147 2973 1325 3062 accusati,
1342 2996 1400 3042 nec

331 3081 421 3175 juris
436 3082 564 3152 ordine
577 3083 731 3152 convicti
746 3083 801 3153 vel
816 3080 980 3172 confessi,
998 3082 1176 3180 supplicia
1195 3111 1398 3185 poeuasque,

334 3198 564 3291 quantumvis
590 3199 749 3272 insontes
773 3212 880 3294 atque
906 3198 1060 3283 innoxii,
1088 3198 1348 3294 penderemus.
1369 3205 1399 3274 Si

336 3313 416 3407 quis
439 3314 536 3383 enirn
562 3326 676 3383 metus
701 3337 776 3383 esse
800 3327 934 3410 potest,
955 3315 1023 3409 >qui
1040 3314 1172 3386 cadere
1193 3317 1328 3392 debent
1351 3321 1398 3391 vel

336 3430 444 3525 possit
464 3430 499 3498 in
518 3431 634 3501 virum
657 3445 897 3523 constantem,
920 3431 1026 3507 talem
1048 3431 1163 3520 hunc,
1184 3436 1250 3530 qui
1268 3463 1336 3509 nos
1357 3453 1399 3508 te·

336 3544 412 3614 nuit
435 3559 540 3640 atque
562 3545 687 3633 habet,
706 3546 866 3643 proiecto
883 3548 963 3643 jure
985 3546 1125 3645 optimo
1143 3553 1394 3636 consentino

335 3661 517 3758 potissime
538 3686 621 3732 cum
638 3662 684 3740 ad
706 3686 789 3732 eum
808 3661 1060 3760 depellendum
1084 3689 1330 3765 secummque
1345 3669 1397 3739 ali

333 3801 442 3872 quem
459 3776 628 3849 adversus
645 3803 728 3848 eum
743 3780 966 3853 reddendum
981 3781 1114 3852 nullius
1130 3784 1396 3882 qualiscumqrn

335 3895 510 3965 cautionis
524 3894 720 3966 remedium
737 3896 862 3969 efficax
875 3898 958 3969 satis
973 3912 1033 3970 aut
1048 3898 1212 3973 validum
1228 3927 1306 3974 esse
1321 3926 1394 3999 pos·

334 4011 390 4081 sit.
413 4009 480 4082 Ubi
508 4013 604 4082 enim
623 4036 689 4108 pro
708 4013 843 4108 justitia
867 4014 944 4086 sola
964 4016 1116 4112 imperat
1132 4017 1315 4108 voluntas,
1339 4018 1393 4088 ubi

374 4245 404 4302 l.
427 4245 500 4318 Voy.
515 4243 670 4315 ci·dessus‚
687 4264 717 4321 p.
734 4247 803 4303 tit.
862 4275 866 4282 ·
