2946 5070
525 513 636 568 uttan
655 512 844 570 summus.
873 526 875 530 ·
917 544 918 548 1
1155 518 1207 574 13l

150 645 343 717 maximam
375 669 441 716 suo
466 659 626 742 tempore
651 645 842 739 exegisset,
874 644 949 741 ipse
976 645 1149 742 imposuit
1179 663 1215 720 et

147 760 259 833 levari
277 761 377 849 lecim
394 761 443 832 ita
459 776 499 832 ut
517 761 755 849 Normannia,
774 759 821 832 de
842 785 914 858 qua
936 760 1032 833 idem
1054 786 1140 835 suus
1160 789 1217 862 ge-

150 876 246 955 nitor
257 876 349 949 ultra
359 891 516 948 trecenta
528 876 639 948 millia
651 875 857 948 francorum
869 901 1053 973 nunquam
1067 878 1213 968 levarat,

148 991 196 1065 ad
221 1017 334 1090 usque
352 992 547 1065 duodecies
565 1008 717 1065 centena
734 993 846 1066 millia
861 993 1067 1071 francorum
1086 1011 1122 1067 et
1138 1016 1215 1068 am·

148 1107 242 1206 plius
258 1109 410 1182 adaucta
436 1124 471 1181 et
495 1123 637 1206 gravata
657 1110 782 1201 fuerit,
802 1124 927 1208 praeter
941 1109 1096 1206 gabellas
1112 1111 1215 1201 salis,

148 1239 320 1321 quartum
343 1226 533 1299 denarium
556 1227 747 1323 potionum
770 1251 853 1323 ,quae
880 1228 917 1300 in
945 1226 1102 1300 tabernis
1126 1254 1218 1305 ven-

147 1340 285 1413 duntur
294 1344 316 1431 ¹,
346 1357 382 1413 et
401 1341 667 1440 impositionem
691 1343 850 1415 vicesimi
872 1343 1010 1415 denarii
1036 1345 1219 1443 superbis
1278 1380 1280 1385 ’

147 1482 228 1555 quae
243 1457 464 1547 venduntur,
482 1483 561 1555 quae
578 1458 813 1561 nihilominus
830 1483 971 1557 semper
992 1483 1094 1533 more
1112 1460 1218 1533 solito

149 1574 421 1672 procurrebant.
451 1579 493 1646 ln
517 1576 595 1647 aliis
620 1588 765 1672 quoque
788 1573 888 1669 regni
910 1576 1122 1672 provinciis,
1151 1602 1219 1675 pro

149 1717 216 1765 suo
241 1716 464 1789 unaquaeque
487 1691 599 1764 modo
633 1706 668 1762 et
698 1688 942 1782 facultatibus,
978 1692 1104 1790 populi
1140 1717 1220 1788 gra-

148 1808 338 1883 vabantur.
363 1806 504 1895 Quibus
525 1806 696 1880 oneribus
715 1821 751 1878 et
776 1804 1063 1905 importabilibus
1087 1808 1220 1879 militiae

145 1949 190 1998 ac
220 1939 275 1996 tot
313 1939 567 2020 tantorumque
602 1921 820 1995 tributomm
853 1921 1074 2019 cogebantur
1096 1924 1216 2018 multi,

146 2042 221 2113 suis
253 2039 389 2114 laribus
419 2066 461 2115 ac
494 2041 603 2114 natali
631 2042 709 2113 solo
736 2041 935 2130 derelictis,
964 2041 1102 2114 diversa
1128 2029 1219 2114 exsi-

145 2157 195 2230 lia
226 2172 261 2231 et
288 2181 399 2230 novas
428 2157 529 2230 sedes
559 2181 716 2254 quaerere
743 2180 973 2255 quoctuuque
1004 2145 1215 2256 potuissent.

145 2273 289 2363 Quibus
313 2275 415 2347 malis
439 2273 660 2348 accedebant
689 2289 724 2346 et
746 2289 862 2372 pestes
886 2290 923 2347 et
947 2273 1096 2348 assiduae
1117 2301 1218 2373 paene

146 2391 337 2464 hominum
362 2405 518 2481 mortes;
545 2391 656 2464 fames
673 2414 817 2487 quoque
833 2415 933 2487 quae,
957 2415 1020 2463 seu
1036 2392 1217 2464 sterilitate

145 2530 317 2602 agromm
332 2505 388 2578 rel
404 2506 631 2578 inclementia
647 2504 749 2599 coeli,
768 2531 833 2578 scu
850 2505 950 2603 quod
969 2505 1018 2577 ob
1037 2506 1157 2602 fugam
1182 2523 1217 2580 et

146 2622 388 2696 desertionem
405 2623 621 2694 colonorum
638 2623 780 2695 incultae
799 2623 962 2719 jacerent
985 2636 1105 2712 terrae,
1131 2646 1216 2722 pro·

146 2738 269 2812 venre
287 2737 503 2809 serebantur.

196 2857 389 2953 Propterea
411 2854 517 2950 igiun
538 2853 637 2949 quod
653 2854 711 2926 his
733 2869 770 2927 et
793 2854 872 2926 aliis
888 2855 1086 2927 innumeris
1107 2856 1215 2927 attriti

145 2969 328 3060 cladibus,
357 2968 406 3045 ab
432 2969 585 3062 eisdem,
612 2993 700 3067 pace
727 2970 942 3066 reintegrata·
961 2994 1004 3042 ac
1032 2970 1211 3065 restituta,

145 3113 222 3163 aesc
239 3101 427 3185 exemptos
438 3086 513 3159 tore
533 3100 732 3175 cernerent,
749 3082 860 3158 veluti
874 3100 957 3184 post
973 3085 1098 3182 longas
1113 3100 1213 3159 tene·

145 3204 231 3279 bras
249 3203 413 3277 moeroris
432 3226 474 3274 ac
496 3201 612 3273 luctus
630 3203 690 3273 lux
705 3223 801 3274 nova
819 3199 926 3275 solito
943 3201 1073 3274 clarior
1088 3201 1214 3273 laetior·

147 3348 219 3421 que
243 3323 402 3418 utrisque
427 3319 569 3419 populis
596 3334 719 3392 exorta
739 3315 909 3392 diviuittu
936 3317 1147 3408 videbatur,;
1176 3334 1212 3391 et

146 3439 210 3537 qui
231 3436 279 3510 ab
301 3435 451 3509 exordio
468 3460 603 3532 guerrae
626 3435 691 3532 (ut
708 3459 833 3508 omnes
854 3435 964 3509 ferme
981 3435 1107 3534 populi
1127 3460 1212 3533 pro-

145 3555 347 3629 vinciarum
368 3553 609 3625 maximiliano
631 3551 874 3648 subditarum)
901 3553 1127 3651 pertinaciter
1150 3553 1213 3624 ad·

145 3670 392 3762 versabantur,
425 3669 594 3766 ntdlaque
619 3694 782 3767 unquam
802 3671 901 3769 pacis
926 3685 989 3742 aut
1008 3683 1211 3765 treugarum

146 3789 281 3865 loedera
296 3815 335 3863 se
351 3815 434 3862 cum
450 3813 532 3884 rege
550 3787 735 3861 babituros
752 3789 790 3860 in
805 3789 879 3860 suis
889 3787 1042 3886 publicis
1057 3812 1213 3859 conven-

146 3908 244 3982 tibus
256 3933 300 3982 ae
312 3906 480 4005 privatim
496 3888 631 4001 ubique
645 3905 866 4002 jactitarent,
882 3906 957 4000 jam
971 3930 1009 3977 se
1026 3928 1114 4002 pace
1128 3927 1212 3975 cum

145 4049 190 4097 eo
228 4025 437 4097 conciliatos
471 4022 546 4093 fore
563 4022 796 4120 *permaxime
822 4019 1043 4092 laetabantur.
1081 4017 1213 4090 Exinde

189 4264 218 4320 l.
238 4262 311 4336 Voy.
331 4271 352 4316 t.
368 4261 413 4329 11,
429 4278 457 4336 p.
476 4261 524 4314 ts.
