2946 5070
608 485 720 543 ussa
740 484 888 545 PlttstttsL
1210 489 1268 546 att)

212 618 315 689 tium.
347 620 438 688 Cum
459 616 578 713 ¹igitur
603 617 709 688 simili
728 616 844 689 forma
866 618 1021 714 singulas
1038 617 1270 716 pecuniarum

210 755 367 804 summas
396 755 418 804 a
440 755 478 804 se
503 745 662 830 receptas
684 730 731 805 ad
757 755 894 828 nosque
919 756 985 830 per
1012 757 1128 805 annos
1157 758 1270 832 prope

210 861 293 919 octo
309 846 530 921 transmissas
544 846 795 939 declarassent,
811 848 926 920 coacti
940 850 1147 921 exstiterunt
1157 874 1270 949 prope

209 979 364 1058 quatuor
378 962 491 1037 millia
514 962 755 1056 florenorum,
783 965 846 1059 qui
868 980 945 1037 tum
967 967 1006 1037 in
1025 967 1119 1058 suis,
1139 982 1215 1039 tum
1232 969 1269 1038 in

209 1075 415 1151 officialium
445 1093 649 1152 nostrorum
679 1080 798 1153 adhuc
823 1081 1008 1155 exstabant
1035 1081 1202 1154 manibus
1224 1082 1269 1154 de

207 1195 442 1292 proventibus
460 1197 715 1295 spiritualium,
735 1197 772 1269 in
792 1223 919 1271 manus
938 1214 1153 1297 quaestorum
1170 1224 1269 1296 rega·

206 1308 294 1382 lium
311 1305 521 1408 consignare
539 1327 574 1383 et
589 1312 758 1385 tradere¹.
780 1318 823 1385 Et
839 1339 923 1385 cum
938 1315 1025 1387 alias
1041 1315 1270 1413 quamplures

207 1428 438 1523 pecuniarum
462 1452 619 1501 summas
643 1430 748 1503 variis
773 1429 911 1502 vicibus
938 1431 984 1503 ad
1007 1456 1074 1504 nos
1094 1432 1270 1505 misissent

206 1566 270 1640 per
288 1544 406 1641 plures
425 1544 558 1617 scilicet
575 1545 745 1619 honestos
771 1560 1007 1636 mercatores,
1029 1547 1134 1619 variis
1157 1562 1193 1619 et
1213 1549 1268 1619 di·

205 1661 313 1732 versis
329 1660 468 1733 vicibus
492 1675 599 1759 atque
621 1662 732 1755 locis,
755 1686 778 1735 a
789 1662 910 1759 judice
933 1662 1116 1737 decretum
1132 1677 1185 1734 est
1207 1689 1269 1736 eos

204 1790 240 1847 et
259 1800 412 1876 corpora
432 1791 469 1849 et
487 1776 586 1850 bona
602 1802 666 1850 sua
684 1779 807 1851 omnia
828 1778 1056 1872 confiscasse,
1075 1794 1150 1851 tam
1172 1779 1269 1877 ipsos

204 1918 313 1990 quam
325 1909 360 1968 et
370 1920 497 1969 omnes
508 1911 544 1967 et
559 1896 717 1992 singulos
727 1911 942 1970 mercatores
950 1899 1013 1996 qui
1022 1922 1084 1970 eos
1101 1923 1268 1970 nummos

204 2010 399 2107 aliquando
421 2011 468 2084 ad
490 2036 559 2084 nos
578 2011 803 2104 detulissent,
833 2015 899 2086 nisi
925 2039 1032 2113 super
1053 2015 1126 2087 hoc
1151 2014 1268 2086 indul·

203 2128 365 2225 gentiam,
375 2143 411 2201 et
430 2129 578 2224 gratiam
595 2131 686 2226 regis
701 2130 916 2206 obtinerent.

536 2421 792 2493 csPuULUM
821 2425 927 2493 XXX.

236 2601 340 2668 Quibus
352 2603 435 2665 cauus
448 2603 571 2676 impulsi,
586 2603 698 2659 cedendi
708 2606 837 2702 regimine
852 2607 966 2661 ecclesis
982 2619 1078 2662 uostris
1090 2609 1228 2663 consilium

650 2708 809 2762 accepimus.

252 2869 292 2935 ln
309 2867 416 2938 tantis
432 2867 539 2962 igitur
558 2890 595 2938 se
611 2880 866 2961 cognoscentes
883 2867 1095 2939 constitutos
1112 2892 1187 2940 esse
1203 2894 1264 2967 pe·

200 2981 339 3074 riculis,
359 3007 442 3054 curn
457 2982 626 3054 acunctis
643 2984 791 3055 unicum
804 2983 855 3055 eis
872 3006 975 3081 posse
991 2983 1108 3055 allerri
1126 3009 1263 3083 propo-

200 3111 345 3168 neretur
368 3097 592 3189 remedium,
618 3089 766 3190 si'nos,
794 3098 840 3168 ad
857 3096 1073 3197 placandum
1098 3098 1262 3196 indigna-

200 3213 335 3286 tionem
351 3215 454 3311 regiae
476 3214 679 3312 majestatis,
699 3214 735 3285 in
753 3214 913 3286 savorem
937 3214 1085 3311 alicujus
1101 3240 1262 3314 personae

199 3328 267 3401 sibi
290 3346 413 3426 gratae,
440 3332 744 3404 ecclesiae'nostrae
770 3331 940 3426 regimine
963 3331 1089 3403 cedere
1112 3356 1262 3405 consen·

199 3445 366 3539 tiremus,
395 3448 581 3546 impetrata
611 3471 632 3519 a
665 3470 747 3541 rege
778 3446 921 3517 licentia
951 3471 1018 3544 pro
1053 3446 1260 3544 hujusmodi

199 3586 305 3635 causa
321 3561 368 3634 ad
382 3588 449 3635 nos
465 3589 576 3661 usque
592 3562 760 3635 veniendi
777 3561 891 3660 (quod
905 3562 991 3634 alias
1007 3562 1083 3634 sine
1101 3562 1260 3661 periculo

199 3679 358 3777 capitum
373 3703 520 3751 suorum
550 3679 665 3751 lacere
688 3679 835 3749 minime
858 3679 935 3750 ausi
952 3677 1126 3773 fuissent),
1154 3677 1260 3751 nobis

198 3819 281 3866 cum
307 3795 444 3891 magnis
473 3794 661 3890 gemitibus
682 3811 718 3868 et
734 3795 899 3892 lacrymis
921 3795 957 3866 in
983 3794 1051 3867 hac
1071 3792 1161 3866 urbe
1175 3798 1258 3866 Tre·

238 4042 267 4096 l.
289 4040 369 4098 Cette
381 4056 492 4098 somme
508 4036 617 4098 semble
631 4042 692 4098 etro
705 4040 777 4099 celle
793 4040 843 4118 qui
855 4041 900 4098 fut
911 4038 1046 4098 restituis
1056 4040 1119 4118 plus
1133 4039 1213 4116 tard,
1230 4053 1258 4098 et

198 4129 269 4190 dont
290 4131 414 4191 Thomas
433 4132 519 4191 Basin
540 4132 638 4191 donna
660 4132 804 4210 quittauce
824 4133 851 4192 le
875 4134 913 4192 at
935 4132 1000 4204 juin
1017 4133 1106 4192 llll.
1132 4134 1201 4192 Voir
1214 4133 1256 4194 les

198 4223 292 4304 pieres
299 4224 496 4297 justificatives
512 4224 551 4283 du
564 4228 615 4283 1v·
630 4225 756 4284 volume.
