<?xml version="1.0" encoding="UTF-8"?>
<!DOCTYPE html PUBLIC "-//W3C//DTD XHTML 1.0 Transitional//EN"
    "http://www.w3.org/TR/xhtml1/DTD/xhtml1-transitional.dtd">
<html xmlns="http://www.w3.org/1999/xhtml" xml:lang="en" lang="en">
 <head>
  <title>
</title>
<meta http-equiv="Content-Type" content="text/html;charset=utf-8" />
  <meta name='ocr-system' content='tesseract 3.04.00' />
  <meta name='ocr-capabilities' content='ocr_page ocr_carea ocr_par ocr_line ocrx_word'/>
</head>
<body>
  <div class='ocr_page' id='page_1' title='image "./histoiredesrgne00amelgoog_0409.png"; bbox 0 0 2946 5070; ppageno 0'>
   <div class='ocr_carea' id='block_1_1' title="bbox 347 863 1103 973">
    <p class='ocr_par' dir='ltr' id='par_1_1' title="bbox 347 863 1103 973">
     <span class='ocr_line' id='line_1_1' title="bbox 347 863 1103 973; baseline -0.003 -17"><span class='ocrx_word' id='word_1_1' title='bbox 347 968 352 973; x_wconf 46' lang='grc'><strong>,</strong></span> <span class='ocrx_word' id='word_1_2' title='bbox 382 863 385 871; x_wconf 65' lang='grc'><strong>’</strong></span> <span class='ocrx_word' id='word_1_3' title='bbox 428 874 620 960; x_wconf 79' lang='lat' dir='ltr'>INCIPIT</span> <span class='ocrx_word' id='word_1_4' title='bbox 648 870 801 959; x_wconf 81' lang='lat' dir='ltr'>LIBER</span> <span class='ocrx_word' id='word_1_5' title='bbox 827 874 1103 958; x_wconf 82' lang='lat' dir='ltr'><strong>SECUNDUS.</strong></span> 
     </span>
    </p>
   </div>
   <div class='ocr_carea' id='block_1_2' title="bbox 496 1391 1043 1468">
    <p class='ocr_par' dir='ltr' id='par_1_2' title="bbox 496 1391 1043 1468">
     <span class='ocr_line' id='line_1_2' title="bbox 496 1391 1043 1468; baseline -0.013 0"><span class='ocrx_word' id='word_1_6' title='bbox 496 1395 792 1468; x_wconf 77' lang='lat' dir='ltr'>CAPITULUM</span> <span class='ocrx_word' id='word_1_7' title='bbox 826 1391 1043 1463; x_wconf 84' lang='lat' dir='ltr'>PRIMUM.</span> 
     </span>
    </p>
   </div>
   <div class='ocr_carea' id='block_1_3' title="bbox 269 1594 1266 1739">
    <p class='ocr_par' dir='ltr' id='par_1_3' title="bbox 269 1594 1266 1739">
     <span class='ocr_line' id='line_1_3' title="bbox 269 1594 1266 1736; baseline -0.002 -83"><span class='ocrx_word' id='word_1_8' title='bbox 269 1598 352 1668; x_wconf 89' lang='lat' dir='ltr'><strong>Quod</strong></span> <span class='ocrx_word' id='word_1_9' title='bbox 369 1599 487 1654; x_wconf 83' lang='lat' dir='ltr'><strong>honores</strong></span> <span class='ocrx_word' id='word_1_10' title='bbox 499 1611 525 1654; x_wconf 86' lang='lat' dir='ltr'><strong>et</strong></span> <span class='ocrx_word' id='word_1_11' title='bbox 537 1598 654 1654; x_wconf 79' lang='lat' dir='ltr'><strong>culmina</strong></span> <span class='ocrx_word' id='word_1_12' title='bbox 669 1597 857 1736; x_wconf 61' lang='lat' dir='ltr'><strong>temfpogalium</strong></span> <span class='ocrx_word' id='word_1_13' title='bbox 872 1594 1032 1669; x_wconf 71' lang='lat' dir='ltr'><strong>dignitatum</strong></span> <span class='ocrx_word' id='word_1_14' title='bbox 1049 1595 1146 1650; x_wconf 68' lang='lat' dir='ltr'><strong>beatos</strong></span> <span class='ocrx_word' id='word_1_15' title='bbox 1160 1596 1266 1651; x_wconf 82' lang='lat' dir='ltr'><strong>minime</strong></span> 
     </span>
     <span class='ocr_line' id='line_1_4' title="bbox 701 1688 1139 1739; baseline -0.007 -2"><span class='ocrx_word' id='word_1_16' title='bbox 701 1703 716 1737; x_wconf 90' lang='lat' dir='ltr'><strong>e</strong></span> <span class='ocrx_word' id='word_1_17' title='bbox 748 1695 831 1739; x_wconf 85' lang='lat' dir='ltr'><strong>crunt.</strong></span> <span class='ocrx_word' id='word_1_18' title='bbox 1128 1688 1139 1701; x_wconf 85' lang='lat'>&#39;</span> 
     </span>
    </p>
   </div>
   <div class='ocr_carea' id='block_1_4' title="bbox 232 1872 1304 3024">
    <p class='ocr_par' dir='ltr' id='par_1_4' title="bbox 232 1872 1304 3024">
     <span class='ocr_line' id='line_1_5' title="bbox 282 1872 1299 1972; baseline -0.001 -25"><span class='ocrx_word' id='word_1_19' title='bbox 282 1874 353 1947; x_wconf 86' lang='lat' dir='ltr'><strong>Sed</strong></span> <span class='ocrx_word' id='word_1_20' title='bbox 375 1875 565 1972; x_wconf 88' lang='lat' dir='ltr'><strong>quoniam,</strong></span> <span class='ocrx_word' id='word_1_21' title='bbox 601 1888 642 1946; x_wconf 91' lang='lat' dir='ltr'><strong>ut</strong></span> <span class='ocrx_word' id='word_1_22' title='bbox 667 1873 835 1947; x_wconf 83' lang='lat' dir='ltr'><strong>Boethius</strong></span> <span class='ocrx_word' id='word_1_23' title='bbox 861 1873 996 1971; x_wconf 90' lang='lat' dir='ltr'><strong>inquit,</strong></span> <span class='ocrx_word' id='word_1_24' title='bbox 1021 1872 1299 1947; x_wconf 90' lang='lat' dir='ltr'><strong>infelicissimum</strong></span> 
     </span>
     <span class='ocr_line' id='line_1_6' title="bbox 234 1989 1299 2088; baseline 0.001 -25"><span class='ocrx_word' id='word_1_25' title='bbox 234 1992 419 2063; x_wconf 78' lang='lat' dir='ltr'><strong>infortunii</strong></span> <span class='ocrx_word' id='word_1_26' title='bbox 435 2017 546 2088; x_wconf 91' lang='lat' dir='ltr'><strong>genus</strong></span> <span class='ocrx_word' id='word_1_27' title='bbox 562 2006 615 2065; x_wconf 90' lang='lat' dir='ltr'><strong>est</strong></span> <span class='ocrx_word' id='word_1_28' title='bbox 630 1991 735 2063; x_wconf 90' lang='lat' dir='ltr'><strong>fuisse</strong></span> <span class='ocrx_word' id='word_1_29' title='bbox 758 1989 916 2079; x_wconf 87' lang='lat' dir='ltr'><strong>felicem,</strong></span> <span class='ocrx_word' id='word_1_30' title='bbox 940 2002 993 2080; x_wconf 90' lang='lat' dir='ltr'><strong>et,</strong></span> <span class='ocrx_word' id='word_1_31' title='bbox 1012 2004 1054 2061; x_wconf 94' lang='lat' dir='ltr'><strong>ut</strong></span> <span class='ocrx_word' id='word_1_32' title='bbox 1070 1990 1204 2088; x_wconf 81' lang='lat' dir='ltr'><strong>vulgus</strong></span> <span class='ocrx_word' id='word_1_33' title='bbox 1218 1994 1299 2064; x_wconf 78' lang='lat' dir='ltr'><strong>aesti·</strong></span> 
     </span>
     <span class='ocr_line' id='line_1_7' title="bbox 233 2106 1301 2206; baseline 0.003 -25"><span class='ocrx_word' id='word_1_34' title='bbox 233 2133 332 2181; x_wconf 90' lang='lat' dir='ltr'><strong>mare</strong></span> <span class='ocrx_word' id='word_1_35' title='bbox 357 2110 503 2201; x_wconf 86' lang='lat' dir='ltr'><strong>assolet,</strong></span> <span class='ocrx_word' id='word_1_36' title='bbox 529 2107 575 2180; x_wconf 90' lang='lat' dir='ltr'><strong>de</strong></span> <span class='ocrx_word' id='word_1_37' title='bbox 598 2108 749 2180; x_wconf 86' lang='lat' dir='ltr'><strong>honoris</strong></span> <span class='ocrx_word' id='word_1_38' title='bbox 770 2106 976 2206; x_wconf 86' lang='lat' dir='ltr'><strong>temporalis</strong></span> <span class='ocrx_word' id='word_1_39' title='bbox 998 2106 1141 2204; x_wconf 87' lang='lat' dir='ltr'><strong>fastigio</strong></span> <span class='ocrx_word' id='word_1_40' title='bbox 1160 2109 1219 2182; x_wconf 82' lang='lat' dir='ltr'><strong>vel</strong></span> <span class='ocrx_word' id='word_1_41' title='bbox 1237 2135 1301 2184; x_wconf 86' lang='lat' dir='ltr'><strong>nn·</strong></span> 
     </span>
     <span class='ocr_line' id='line_1_8' title="bbox 234 2222 1301 2322; baseline 0.003 -26"><span class='ocrx_word' id='word_1_42' title='bbox 234 2248 384 2319; x_wconf 88' lang='lat' dir='ltr'><strong>gnarum</strong></span> <span class='ocrx_word' id='word_1_43' title='bbox 401 2222 583 2296; x_wconf 86' lang='lat' dir='ltr'><strong>affluentia</strong></span> <span class='ocrx_word' id='word_1_44' title='bbox 605 2248 718 2322; x_wconf 89' lang='lat' dir='ltr'><strong>opum</strong></span> <span class='ocrx_word' id='word_1_45' title='bbox 734 2246 777 2296; x_wconf 85' lang='lat' dir='ltr'><strong>ac</strong></span> <span class='ocrx_word' id='word_1_46' title='bbox 792 2222 995 2295; x_wconf 87' lang='lat' dir='ltr'><strong>divitiarum</strong></span> <span class='ocrx_word' id='word_1_47' title='bbox 1013 2223 1051 2294; x_wconf 93' lang='lat' dir='ltr'><strong>in</strong></span> <span class='ocrx_word' id='word_1_48' title='bbox 1075 2223 1301 2298; x_wconf 88' lang='lat' dir='ltr'><strong>humiliorem</strong></span> 
     </span>
     <span class='ocr_line' id='line_1_9' title="bbox 233 2338 1303 2417; baseline 0.006 -7"><span class='ocrx_word' id='word_1_49' title='bbox 233 2338 375 2411; x_wconf 88' lang='lat' dir='ltr'><strong>devolvi</strong></span> <span class='ocrx_word' id='word_1_50' title='bbox 396 2339 577 2411; x_wconf 86' lang='lat' dir='ltr'><strong>fortunam</strong></span> <span class='ocrx_word' id='word_1_51' title='bbox 597 2340 768 2413; x_wconf 86' lang='lat' dir='ltr'><strong>miserum</strong></span> <span class='ocrx_word' id='word_1_52' title='bbox 788 2353 824 2412; x_wconf 91' lang='lat' dir='ltr'><strong>et</strong></span> <span class='ocrx_word' id='word_1_53' title='bbox 837 2340 1091 2414; x_wconf 82' lang='lat' dir='ltr'><strong>calamitosum</strong></span> <span class='ocrx_word' id='word_1_54' title='bbox 1109 2366 1190 2415; x_wconf 87' lang='lat' dir='ltr'><strong>esse</strong></span> <span class='ocrx_word' id='word_1_55' title='bbox 1212 2343 1303 2417; x_wconf 81' lang='lat' dir='ltr'><strong>vide·</strong></span> 
     </span>
     <span class='ocr_line' id='line_1_10' title="bbox 232 2455 1303 2558; baseline 0.006 -31"><span class='ocrx_word' id='word_1_56' title='bbox 232 2471 303 2548; x_wconf 87' lang='lat' dir='ltr'><strong>tur‚</strong></span> <span class='ocrx_word' id='word_1_57' title='bbox 317 2455 449 2527; x_wconf 81' lang='lat' dir='ltr'><strong>durum</strong></span> <span class='ocrx_word' id='word_1_58' title='bbox 458 2480 501 2530; x_wconf 87' lang='lat' dir='ltr'><strong>ac</strong></span> <span class='ocrx_word' id='word_1_59' title='bbox 513 2457 656 2529; x_wconf 87' lang='lat' dir='ltr'><strong>difficile</strong></span> <span class='ocrx_word' id='word_1_60' title='bbox 667 2458 851 2530; x_wconf 87' lang='lat' dir='ltr'><strong>nonnullis</strong></span> <span class='ocrx_word' id='word_1_61' title='bbox 863 2457 976 2530; x_wconf 89' lang='lat' dir='ltr'><strong>videri</strong></span> <span class='ocrx_word' id='word_1_62' title='bbox 987 2471 1109 2557; x_wconf 79' lang='lat' dir='ltr'><strong>potest</strong></span> <span class='ocrx_word' id='word_1_63' title='bbox 1121 2459 1303 2558; x_wconf 90' lang='lat' dir='ltr'><strong>quomodo</strong></span> 
     </span>
     <span class='ocr_line' id='line_1_11' title="bbox 233 2572 1304 2670; baseline 0.006 -27"><span class='ocrx_word' id='word_1_64' title='bbox 233 2574 314 2670; x_wconf 89' lang='lat' dir='ltr'><strong>quis</strong></span> <span class='ocrx_word' id='word_1_65' title='bbox 330 2572 538 2670; x_wconf 88' lang='lat' dir='ltr'><strong>hujusmodi</strong></span> <span class='ocrx_word' id='word_1_66' title='bbox 556 2574 781 2646; x_wconf 81' lang='lat' dir='ltr'><strong>fortunarum</strong></span> <span class='ocrx_word' id='word_1_67' title='bbox 798 2600 840 2648; x_wconf 87' lang='lat' dir='ltr'><strong>ac</strong></span> <span class='ocrx_word' id='word_1_68' title='bbox 857 2588 967 2647; x_wconf 88' lang='lat' dir='ltr'><strong>status</strong></span> <span class='ocrx_word' id='word_1_69' title='bbox 982 2577 1304 2649; x_wconf 76' lang='lat' dir='ltr'><strong>commutationem</strong></span> 
     </span>
     <span class='ocr_line' id='line_1_12' title="bbox 234 2691 1304 2790; baseline 0.003 -29"><span class='ocrx_word' id='word_1_70' title='bbox 234 2715 337 2788; x_wconf 84' lang='lat' dir='ltr'><strong>aequo</strong></span> <span class='ocrx_word' id='word_1_71' title='bbox 358 2706 394 2762; x_wconf 91' lang='lat' dir='ltr'><strong>et</strong></span> <span class='ocrx_word' id='word_1_72' title='bbox 412 2692 545 2763; x_wconf 90' lang='lat' dir='ltr'><strong>invicto</strong></span> <span class='ocrx_word' id='word_1_73' title='bbox 568 2691 689 2763; x_wconf 87' lang='lat' dir='ltr'><strong>animo</strong></span> <span class='ocrx_word' id='word_1_74' title='bbox 706 2692 797 2764; x_wconf 88' lang='lat' dir='ltr'><strong>ferre</strong></span> <span class='ocrx_word' id='word_1_75' title='bbox 815 2692 937 2790; x_wconf 85' lang='lat' dir='ltr'><strong>possit.</strong></span> <span class='ocrx_word' id='word_1_76' title='bbox 958 2695 1001 2761; x_wconf 86' lang='lat' dir='ltr'><strong>Et</strong></span> <span class='ocrx_word' id='word_1_77' title='bbox 1023 2706 1222 2790; x_wconf 79' lang='lat' dir='ltr'><strong>propterea</strong></span> <span class='ocrx_word' id='word_1_78' title='bbox 1239 2694 1304 2765; x_wconf 86' lang='lat' dir='ltr'><strong>for·</strong></span> 
     </span>
     <span class='ocr_line' id='line_1_13' title="bbox 234 2806 1302 2907; baseline 0.002 -26"><span class='ocrx_word' id='word_1_79' title='bbox 234 2832 297 2881; x_wconf 85' lang='lat' dir='ltr'><strong>san</strong></span> <span class='ocrx_word' id='word_1_80' title='bbox 314 2809 542 2907; x_wconf 85' lang='lat' dir='ltr'>quamplures</span> <span class='ocrx_word' id='word_1_81' title='bbox 558 2833 633 2880; x_wconf 89' lang='lat' dir='ltr'><strong>esse</strong></span> <span class='ocrx_word' id='word_1_82' title='bbox 653 2810 736 2881; x_wconf 88' lang='lat' dir='ltr'><strong>satis</strong></span> <span class='ocrx_word' id='word_1_83' title='bbox 752 2824 932 2907; x_wconf 84' lang='lat' dir='ltr'><strong>putamus,</strong></span> <span class='ocrx_word' id='word_1_84' title='bbox 951 2808 1013 2906; x_wconf 94' lang='lat' dir='ltr'><strong>qui</strong></span> <span class='ocrx_word' id='word_1_85' title='bbox 1031 2806 1081 2880; x_wconf 92' lang='lat' dir='ltr'><strong>ob</strong></span> <span class='ocrx_word' id='word_1_86' title='bbox 1098 2808 1302 2906; x_wconf 86' lang='lat' dir='ltr'><strong>hujusmodi</strong></span> 
     </span>
     <span class='ocr_line' id='line_1_14' title="bbox 234 2924 1303 3024; baseline 0.004 -28"><span class='ocrx_word' id='word_1_87' title='bbox 234 2925 313 2996; x_wconf 87' lang='lat' dir='ltr'><strong>vitae</strong></span> <span class='ocrx_word' id='word_1_88' title='bbox 330 2950 454 2997; x_wconf 89' lang='lat' dir='ltr'><strong>cursus</strong></span> <span class='ocrx_word' id='word_1_89' title='bbox 468 2925 768 3024; x_wconf 81' lang='lat' dir='ltr'><strong>permutationem</strong></span> <span class='ocrx_word' id='word_1_90' title='bbox 784 2948 852 2995; x_wconf 90' lang='lat' dir='ltr'><strong>nos</strong></span> <span class='ocrx_word' id='word_1_91' title='bbox 865 2924 903 2996; x_wconf 91' lang='lat' dir='ltr'><strong>in</strong></span> <span class='ocrx_word' id='word_1_92' title='bbox 918 2948 1069 3020; x_wconf 87' lang='lat' dir='ltr'><strong>magnos</strong></span> <span class='ocrx_word' id='word_1_93' title='bbox 1084 2950 1262 3020; x_wconf 79' lang='lat' dir='ltr'><strong>moerores</strong></span> <span class='ocrx_word' id='word_1_94' title='bbox 1273 2942 1303 3000; x_wconf 90' lang='lat' dir='ltr'><strong>et</strong></span> 
     </span>
    </p>
   </div>
   <div class='ocr_carea' id='block_1_5' title="bbox 44 3039 1303 3151">
    <p class='ocr_par' dir='ltr' id='par_1_5' title="bbox 44 3039 1303 3151">
     <span class='ocr_line' id='line_1_15' title="bbox 44 3039 1303 3151; baseline 0.002 -38"><span class='ocrx_word' id='word_1_95' title='bbox 44 3138 55 3151; x_wconf 95' lang='lat'>.</span> <span class='ocrx_word' id='word_1_96' title='bbox 171 3120 179 3133; x_wconf 34' lang='lat'><em>⁶</em></span> <span class='ocrx_word' id='word_1_97' title='bbox 235 3041 416 3114; x_wconf 90' lang='lat' dir='ltr'><strong>luctuosos</strong></span> <span class='ocrx_word' id='word_1_98' title='bbox 433 3043 628 3138; x_wconf 87' lang='lat' dir='ltr'><strong>anxiosque</strong></span> <span class='ocrx_word' id='word_1_99' title='bbox 648 3041 797 3136; x_wconf 84' lang='lat' dir='ltr'><strong>gemitus</strong></span> <span class='ocrx_word' id='word_1_100' title='bbox 815 3039 971 3137; x_wconf 88' lang='lat' dir='ltr'><strong>dejectos</strong></span> <span class='ocrx_word' id='word_1_101' title='bbox 987 3039 1224 3133; x_wconf 84' lang='lat' dir='ltr'><strong>arbitrentur,</strong></span> <span class='ocrx_word' id='word_1_102' title='bbox 1242 3068 1303 3116; x_wconf 82' lang='lat' dir='ltr'><strong>ve·</strong></span> 
     </span>
    </p>
   </div>
   <div class='ocr_carea' id='block_1_6' title="bbox 206 3154 1304 4300">
    <p class='ocr_par' dir='ltr' id='par_1_6' title="bbox 206 3154 1304 4300">
     <span class='ocr_line' id='line_1_16' title="bbox 234 3154 1300 3254; baseline 0.002 -26"><span class='ocrx_word' id='word_1_103' title='bbox 234 3154 301 3229; x_wconf 91' lang='lat' dir='ltr'><strong>luti</strong></span> <span class='ocrx_word' id='word_1_104' title='bbox 314 3182 357 3228; x_wconf 85' lang='lat' dir='ltr'><strong>cx</strong></span> <span class='ocrx_word' id='word_1_105' title='bbox 369 3182 499 3253; x_wconf 88' lang='lat' dir='ltr'><strong>magna</strong></span> <span class='ocrx_word' id='word_1_106' title='bbox 511 3157 668 3254; x_wconf 76' lang='lat' dir='ltr'><strong>qtradam</strong></span> <span class='ocrx_word' id='word_1_107' title='bbox 684 3155 848 3228; x_wconf 84' lang='lat' dir='ltr'><strong>felicitate</strong></span> <span class='ocrx_word' id='word_1_108' title='bbox 859 3157 897 3227; x_wconf 94' lang='lat' dir='ltr'><strong>in</strong></span> <span class='ocrx_word' id='word_1_109' title='bbox 912 3156 1093 3228; x_wconf 81' lang='lat' dir='ltr'><strong>miseriam</strong></span> <span class='ocrx_word' id='word_1_110' title='bbox 1102 3157 1300 3232; x_wconf 86' lang='lat' dir='ltr'><strong>devolutos.</strong></span> 
     </span>
     <span class='ocr_line' id='line_1_17' title="bbox 206 3262 1303 3374; baseline 0.005 -30"><span class='ocrx_word' id='word_1_111' title='bbox 206 3262 209 3269; x_wconf 47' lang='lat'>⁵</span> <span class='ocrx_word' id='word_1_112' title='bbox 288 3278 419 3346; x_wconf 89' lang='lat' dir='ltr'><strong>Verum</strong></span> <span class='ocrx_word' id='word_1_113' title='bbox 435 3275 464 3346; x_wconf 90' lang='lat' dir='ltr'><strong>si</strong></span> <span class='ocrx_word' id='word_1_114' title='bbox 488 3275 572 3346; x_wconf 89' lang='lat' dir='ltr'><strong>tales</strong></span> <span class='ocrx_word' id='word_1_115' title='bbox 591 3299 665 3345; x_wconf 92' lang='lat' dir='ltr'><strong>non</strong></span> <span class='ocrx_word' id='word_1_116' title='bbox 684 3272 875 3369; x_wconf 82' lang='lat' dir='ltr'><strong>vulgariter</strong></span> <span class='ocrx_word' id='word_1_117' title='bbox 889 3288 996 3371; x_wconf 85' lang='lat' dir='ltr'><strong>atque</strong></span> <span class='ocrx_word' id='word_1_118' title='bbox 1012 3276 1245 3374; x_wconf 85' lang='lat' dir='ltr'><strong>populariter</strong></span> <span class='ocrx_word' id='word_1_119' title='bbox 1261 3274 1303 3349; x_wconf 81' lang='lat' dir='ltr'><strong>nd</strong></span> 
     </span>
     <span class='ocr_line' id='line_1_18' title="bbox 237 3387 1302 3490; baseline 0.005 -32"><span class='ocrx_word' id='word_1_120' title='bbox 237 3387 434 3486; x_wconf 88' lang='lat' dir='ltr'><strong>insipientis</strong></span> <span class='ocrx_word' id='word_1_121' title='bbox 449 3405 484 3460; x_wconf 91' lang='lat' dir='ltr'><strong>et</strong></span> <span class='ocrx_word' id='word_1_122' title='bbox 501 3389 655 3488; x_wconf 90' lang='lat' dir='ltr'><strong>imperiti</strong></span> <span class='ocrx_word' id='word_1_123' title='bbox 671 3389 767 3485; x_wconf 82' lang='lat' dir='ltr'><strong>vulgi</strong></span> <span class='ocrx_word' id='word_1_124' title='bbox 789 3389 1012 3487; x_wconf 87' lang='lat' dir='ltr'><strong>opinionem,</strong></span> <span class='ocrx_word' id='word_1_125' title='bbox 1038 3389 1103 3462; x_wconf 90' lang='lat' dir='ltr'><strong>sed</strong></span> <span class='ocrx_word' id='word_1_126' title='bbox 1125 3392 1247 3490; x_wconf 89' lang='lat' dir='ltr'><strong>potius</strong></span> <span class='ocrx_word' id='word_1_127' title='bbox 1261 3389 1302 3465; x_wconf 83' lang='lat' dir='ltr'><strong>ad</strong></span> 
     </span>
     <span class='ocr_line' id='line_1_19' title="bbox 238 3503 1303 3601; baseline 0.008 -28"><span class='ocrx_word' id='word_1_128' title='bbox 238 3503 437 3599; x_wconf 82' lang='lat' dir='ltr'><strong>veritatem,</strong></span> <span class='ocrx_word' id='word_1_129' title='bbox 456 3529 584 3601; x_wconf 87' lang='lat' dir='ltr'><strong>quam,</strong></span> <span class='ocrx_word' id='word_1_130' title='bbox 608 3505 743 3578; x_wconf 89' lang='lat' dir='ltr'><strong>nedum</strong></span> <span class='ocrx_word' id='word_1_131' title='bbox 762 3505 885 3576; x_wconf 86' lang='lat' dir='ltr'><strong>litterae</strong></span> <span class='ocrx_word' id='word_1_132' title='bbox 900 3530 1006 3577; x_wconf 69' lang='lat' dir='ltr'><strong>sacrae</strong></span> <span class='ocrx_word' id='word_1_133' title='bbox 1022 3504 1069 3578; x_wconf 83' lang='lat' dir='ltr'><strong>ad</strong></span> <span class='ocrx_word' id='word_1_134' title='bbox 1086 3509 1303 3581; x_wconf 85' lang='lat' dir='ltr'><strong>consolatio-</strong></span> 
     </span>
     <span class='ocr_line' id='line_1_20' title="bbox 238 3620 1301 3714; baseline 0.006 -24"><span class='ocrx_word' id='word_1_135' title='bbox 238 3643 323 3692; x_wconf 88' lang='lat' dir='ltr'><strong>nem</strong></span> <span class='ocrx_word' id='word_1_136' title='bbox 342 3632 378 3692; x_wconf 84' lang='lat' dir='ltr'><strong>et</strong></span> <span class='ocrx_word' id='word_1_137' title='bbox 397 3620 636 3693; x_wconf 85' lang='lat' dir='ltr'><strong>eruditionem</strong></span> <span class='ocrx_word' id='word_1_138' title='bbox 657 3635 815 3692; x_wconf 88' lang='lat' dir='ltr'><strong>nostram</strong></span> <span class='ocrx_word' id='word_1_139' title='bbox 838 3620 1006 3692; x_wconf 89' lang='lat' dir='ltr'><strong>divinitus</strong></span> <span class='ocrx_word' id='word_1_140' title='bbox 1029 3621 1139 3695; x_wconf 87' lang='lat' dir='ltr'><strong>nobis</strong></span> <span class='ocrx_word' id='word_1_141' title='bbox 1156 3623 1301 3714; x_wconf 74' lang='lat' dir='ltr'><strong>traditu,</strong></span> 
     </span>
     <span class='ocr_line' id='line_1_21' title="bbox 238 3736 1304 3840; baseline 0.004 -30"><span class='ocrx_word' id='word_1_142' title='bbox 238 3736 303 3810; x_wconf 82' lang='lat' dir='ltr'><strong>ted</strong></span> <span class='ocrx_word' id='word_1_143' title='bbox 323 3736 431 3810; x_wconf 83' lang='lat' dir='ltr'><strong>etiam</strong></span> <span class='ocrx_word' id='word_1_144' title='bbox 451 3738 636 3834; x_wconf 84' lang='lat' dir='ltr'><strong>gentilium</strong></span> <span class='ocrx_word' id='word_1_145' title='bbox 662 3737 961 3837; x_wconf 90' lang='lat' dir='ltr'><strong>philosophorum</strong></span> <span class='ocrx_word' id='word_1_146' title='bbox 985 3738 1183 3837; x_wconf 84' lang='lat' dir='ltr'><strong>disciplinae</strong></span> <span class='ocrx_word' id='word_1_147' title='bbox 1202 3755 1304 3840; x_wconf 84' lang='lat' dir='ltr'><strong>atque</strong></span> 
     </span>
     <span class='ocr_line' id='line_1_22' title="bbox 238 3852 1304 3954; baseline 0.002 -27"><span class='ocrx_word' id='word_1_148' title='bbox 238 3852 477 3927; x_wconf 79' lang='lat' dir='ltr'><strong>instintiones</strong></span> <span class='ocrx_word' id='word_1_149' title='bbox 492 3852 742 3953; x_wconf 88' lang='lat' dir='ltr'><strong>prodiderunt,</strong></span> <span class='ocrx_word' id='word_1_150' title='bbox 760 3852 1007 3951; x_wconf 88' lang='lat' dir='ltr'><strong>philosophari</strong></span> <span class='ocrx_word' id='word_1_151' title='bbox 1024 3871 1187 3953; x_wconf 85' lang='lat' dir='ltr'><strong>possent,</strong></span> <span class='ocrx_word' id='word_1_152' title='bbox 1202 3856 1304 3954; x_wconf 88' lang='lat' dir='ltr'><strong>longe</strong></span> 
     </span>
     <span class='ocr_line' id='line_1_23' title="bbox 237 3967 1300 4067; baseline 0.002 -27"><span class='ocrx_word' id='word_1_153' title='bbox 237 3967 339 4047; x_wconf 81' lang='lat' dir='ltr'><strong>aliter</strong></span> <span class='ocrx_word' id='word_1_154' title='bbox 351 3992 394 4042; x_wconf 87' lang='lat' dir='ltr'><strong>ac</strong></span> <span class='ocrx_word' id='word_1_155' title='bbox 407 3969 622 4060; x_wconf 83' lang='lat' dir='ltr'><strong>existimant,</strong></span> <span class='ocrx_word' id='word_1_156' title='bbox 635 3992 710 4039; x_wconf 87' lang='lat' dir='ltr'><strong>esse</strong></span> <span class='ocrx_word' id='word_1_157' title='bbox 722 3967 957 4064; x_wconf 86' lang='lat' dir='ltr'><strong>intelligerent</strong></span> <span class='ocrx_word' id='word_1_158' title='bbox 971 3984 1078 4066; x_wconf 87' lang='lat' dir='ltr'><strong>atque</strong></span> <span class='ocrx_word' id='word_1_159' title='bbox 1087 3970 1300 4067; x_wconf 80' lang='lat' dir='ltr'><strong>judicarent.</strong></span> 
     </span>
     <span class='ocr_line' id='line_1_24' title="bbox 238 4081 1304 4186; baseline 0.009 -33"><span class='ocrx_word' id='word_1_160' title='bbox 238 4081 433 4158; x_wconf 83' lang='lat' dir='ltr'><strong>Arbitratur</strong></span> <span class='ocrx_word' id='word_1_161' title='bbox 447 4084 616 4184; x_wconf 90' lang='lat' dir='ltr'><strong>insipiens</strong></span> <span class='ocrx_word' id='word_1_162' title='bbox 631 4084 758 4181; x_wconf 86' lang='lat' dir='ltr'><strong>vulgus</strong></span> <span class='ocrx_word' id='word_1_163' title='bbox 773 4085 811 4156; x_wconf 93' lang='lat' dir='ltr'><strong>in</strong></span> <span class='ocrx_word' id='word_1_164' title='bbox 828 4108 1038 4181; x_wconf 80' lang='lat' dir='ltr'><strong>magnarum</strong></span> <span class='ocrx_word' id='word_1_165' title='bbox 1054 4088 1304 4186; x_wconf 84' lang='lat' dir='ltr'><strong>perfunctione</strong></span> 
     </span>
     <span class='ocr_line' id='line_1_25' title="bbox 239 4199 1301 4300; baseline 0.009 -28"><span class='ocrx_word' id='word_1_166' title='bbox 239 4223 281 4273; x_wconf 89' lang='lat' dir='ltr'><strong>ac</strong></span> <span class='ocrx_word' id='word_1_167' title='bbox 296 4199 510 4276; x_wconf 83' lang='lat' dir='ltr'><strong>sublimitate</strong></span> <span class='ocrx_word' id='word_1_168' title='bbox 528 4201 740 4300; x_wconf 89' lang='lat' dir='ltr'><strong>dignitatum</strong></span> <span class='ocrx_word' id='word_1_169' title='bbox 755 4224 922 4300; x_wconf 82' lang='lat' dir='ltr'><strong>magnam</strong></span> <span class='ocrx_word' id='word_1_170' title='bbox 942 4201 1148 4277; x_wconf 80' lang='lat' dir='ltr'><strong>felicitatem</strong></span> <span class='ocrx_word' id='word_1_171' title='bbox 1168 4207 1301 4300; x_wconf 76' lang='lat' dir='ltr'><strong>inesse3</strong></span> 
     </span>
    </p>
   </div>
   <div class='ocr_carea' id='block_1_7' title="bbox 0 0 1487 5070">
    <p class='ocr_par' dir='ltr' id='par_1_7' title="bbox 0 0 1487 5070">
     <span class='ocr_line' id='line_1_26' title="bbox 0 0 1487 5070; baseline 0 0"><span class='ocrx_word' id='word_1_172' title='bbox 0 0 1487 5070; x_wconf 95' lang='lat' dir='ltr'><strong> </strong></span> 
     </span>
    </p>
   </div>
  </div>
 </body>
</html>
