2946 5070
482 499 592 554 LIBER
620 496 769 557 rubrus.
1094 504 1150 560 337

96 630 151 702 vel
166 630 324 729 periculi.
343 633 446 722 Nam,
464 642 504 700 ut
516 630 691 702 Dominus
706 630 768 723 ait,
782 631 955 705 lobannis
971 637 1038 705 X‘:
1056 665 1074 702 1
1092 636 1153 710 tlte

94 760 147 819 est
163 747 401 818 mercenarius
416 759 452 817 et
468 770 541 817 non
557 759 691 844 pastor,
711 747 933 843 qui,videns
948 748 1075 847 lupum
1092 776 1155 825 ve·

95 863 272 950 nientem,
298 861 443 933 dimittit
467 885 553 934 oves
574 874 610 933 et
631 861 730 958 fugit.
753 890 771 930 u
797 865 912 961 Super
933 889 1006 961 quo
1028 864 1154 940 beatus

94 978 307 1073 Gregorius,
332 978 370 1049 in
390 978 555 1069 bomilia,
580 976 667 1049 dicit
693 977 792 1074 quod
812 979 918 1077 lupus
943 1004 1050 1079 super
1070 1008 1155 1056 oves

94 1095 203 1187 venit,
222 1119 306 1166 cum
325 1093 473 1192 quilibet
490 1094 640 1189 injustus
654 1108 689 1165 et
709 1109 831 1193 raptor
852 1095 974 1169 fideles
994 1118 1155 1197 quosque

93 1223 200 1307 atque
215 1209 370 1282 humiles
385 1211 565 1309 opprimit.
1129 1225 1132 1229 '

142 1326 213 1398 Sed
227 1325 296 1398 hac
312 1325 512 1423 objectione
533 1350 607 1397 non
627 1323 790 1399 obstante
808 1325 1053 1426 similibusque
1074 1354 1158 1402 auc·

92 1440 294 1515 toritatibus
309 1442 364 1515 vel
381 1443 610 1539 argumentis,
629 1466 707 1538 quse
723 1442 759 1513 in
777 1442 846 1515 hac
862 1424 1008 1518 materia
1026 1445 1157 1520 adduci

93 1573 257 1658 possunt,
277 1585 297 1630 e
315 1559 446 1657 quibus
469 1559 661 1631 nonnullas
679 1558 825 1631 adducit
840 1563 976 1632 Doctor
998 1540 1158 1636 sanctus¹

92 1675 129 1744 in
146 1674 310 1746 Secunda
330 1673 514 1764 Secundae,
534 1687 657 1770 quaest.
679 1675 763 1766 181,
783 1689 849 1746 art.
877 1678 919 1765 5,
939 1676 1057 1747 nullus
1072 1700 1158 1751 sana

93 1805 213 1862 mente
229 1790 356 1861 dixerit
371 1789 458 1886 quin
481 1789 709 1886 aliquotiens,
736 1790 783 1861 ad
804 1789 1056 1863 declinandam
1078 1814 1158 1890 per·

92 1906 313 1977 secutionem
328 1919 565 2001 tyrannorum
577 1917 638 1974 aut
654 1904 859 2001 impiorum,
874 1904 979 1977 liceat
988 1905 1159 2005 episcopo

92 2021 325 2120 corporaliter
339 2034 482 2116 gregem
493 2020 667 2112 deserere,
679 2020 827 2116 quando
841 2044 862 2092 a
874 2021 1160 2119 persecutoribus

91 2138 291 2235 specialiter
310 2137 490 2234 quaeritur,
510 2149 546 2207 et
563 2133 609 2206 de
626 2132 710 2206 fidei
726 2133 958 2208 subversione
974 2137 1030 2209 vel
1046 2139 1159 2235 gregis

93 2249 206 2321 salute
237 2272 312 2319 non
339 2248 495 2340 timetur,
526 2244 725 2317 dummodo
752 2270 817 2344 per
842 2247 953 2319 alium
979 2273 1042 2320 seu
1069 2249 1159 2322 alios

92 2366 188 2462 gregi
206 2363 436 2464 provideatur
450 2361 667 2435 sufficienter
679 2362 775 2434 circa
790 2388 832 2436 ea
852 2388 930 2460 quae
945 2363 992 2437 ad
1009 2362 1159 2439 salutem

91 2499 175 2556 sunt
209 2483 416 2555 necessaria.
451 2485 528 2554 Hoc
556 2480 654 2551 enim
682 2479 731 2549 ita
757 2504 920 2579 expresse
947 2479 1159 2553 determinat

92 2598 217 2672 beatus
231 2599 446 2697 Augustinus
458 2598 495 2667 in
505 2595 655 2693 epistola
663 2593 710 2665 ad
725 2598 964 2688 Honoratum,
976 2610 1012 2667 et
1024 2591 1159 2669 Doctor

90 2732 232 2789 sanctus
248 2731 330 2814 post
341 2740 438 2805 eum,
452 2714 488 2784 in
504 2713 586 2783 loco
600 2709 764 2805 allegato.
783 2713 861 2782 Hoc
874 2711 982 2783 etiam
995 2722 1158 2817 expresse

91 2832 329 2925 habetuerl,
346 2845 468 2929 quaest.
486 2831 558 2920 l,§
575 2854 593 2894 11
607 2826 697 2896 Hinc
711 2825 861 2916 etiam»,
878 2823 942 2897 ubi
958 2826 995 2897 in
1008 2840 1106 2899 textu
1122 2845 1157 2901 et

91 2949 207 3044 glossa
218 2950 323 3048 plene
335 2945 383 3018 de
399 2939 605 3040 hujusmodi
621 2941 768 3013 materia
780 2940 961 3033 tractatur,
981 2956 1017 3013 et
1033 2959 1155 3017 aucto·

91 3065 254 3138 ritatib'us
268 3080 304 3137 et
315 3060 486 3159 exemplis
495 3055 702 3152 hujusmodi
716 3057 890 3128 sententia
903 3056 1153 3151 confirmatum

92 3181 185 3253 intcr
215 3205 303 3278 quas
335 3177 485 3251 omnino
520 3186 572 3243 est
602 3169 853 3266 irrefragabilis
884 3171 945 3244 illa
964 3173 1155 3247 Salvatoris

90 3297 230 3395 (March.
249 3299 313 3392 X⁰)
327 3289 561 3394 praecipientis
577 3286 747 3385 apostolis
763 3287 848 3380 suis,
863 3313 1018 3385 quorum
1031 3289 1153 3362 locum

91 3428 213 3486 tenent
227 3412 411 3512 episcopi:
434 3438 451 3477 11
470 3406 587 3478 sivos
610 3403 785 3502 persecuti
807 3401 938 3483 luerint
957 3406 995 3476 in
1016 3428 1089 3479 una
1105 3409 1153 3479 ci·

91 3533 210 3620 vitate,
227 3530 333 3626 sugite
350 3528 386 3598 in
398 3526 516 3599 aliam.
533 3552 550 3591 »
569 3526 656 3609 Quae
669 3521 698 3590 si
714 3518 909 3616 aliquando
922 3522 1043 3605 locum
1060 3522 1152 3596 obti-

91 3663 192 3741 neat,
211 3663 298 3718 tunc
317 3657 411 3716 certe
430 3643 497 3714 erit
516 3637 663 3737 quando
679 3636 717 3706 iu
734 3636 852 3708 solum
871 3653 1050 3735 pastorem
1066 3666 1149 3738 per·

90 3765 225 3839 secutio
246 3761 360 3852 saevit,
385 3772 506 3855 etper
527 3755 602 3852 ejus
627 3753 745 3848 lugam
771 3767 833 3824 aut
856 3777 1031 3827 recessum
1057 3756 1151 3828 salus

90 3881 204 3978 gregis
231 3904 306 3951 non
327 3873 558 3976 periclitatur,
583 3868 644 3942 sed
670 3868 704 3940 ei
732 3893 797 3967 per
823 3868 912 3941 alios
937 3869 1151 3946 sufficienter

89 3996 309 4096 providetur.
332 4023 349 4058 «
370 3994 461 4063 Cum
477 3986 574 4058 enim
593 4012 611 4052 u
632 3997 672 4054 ut
686 3983 736 4056 ait
754 3987 889 4059 Ductor
909 3999 1052 4058 sanctus
1074 4017 1091 4053 1
1112 3988 1148 4058 in

130 4227 160 4281 l.
183 4220 263 4281 Saint
274 4216 397 4289 Thomas
409 4211 547 4291 dldquiu.

169 4352 203 4390 ιιι
279 4316 281 4325 ’
993 4322 1031 4381 91
