2946 5070
177 516 236 573 ³¹12
606 509 816 578 atomon,

175 649 246 720 etti
262 648 370 719 totius
384 646 505 744 patria
519 642 686 714 illitterati
702 656 739 712 et
753 640 896 740 penitus
906 639 1002 736 juris
1017 652 1111 711 sunt
1125 639 1251 735 ignati,

177 762 316 835 nullum
336 762 411 857 jam
432 761 501 833 tale
525 758 731 858 praesidium
754 757 908 857 prelatis
934 755 1179 828 ecclesianam
1202 781 1253 828 rc·

176 879 300 951 lictum
327 891 402 961 est,
428 900 495 948 nec
517 875 593 972 spei
616 873 784 946 solatium
807 871 907 969 quod
928 897 1000 971 pro
1013 871 1252 970 quibuscum·

177 1021 248 1096 que
271 995 428 1092 injuriis,
457 1007 584 1065 contra
602 993 855 1065 ecclesiasticas
879 1016 962 1063 suas
985 993 1172 1091 praecipue
1189 994 1251 1089 ju·

176 1112 400 1186 risdictiones
415 1109 470 1182 rel
492 1110 734 1183 immunitates
746 1134 791 1181 ac
803 1104 987 1181 libertates
1002 1110 1057 1181 eis
1072 1111 1246 1206 irrogatis,

172 1227 345 1327 justitiam
371 1251 434 1298 seu
451 1225 713 1324 reparationem
745 1224 917 1322 consequi
941 1223 1103 1322 possint,
1132 1224 1250 1301 ablata

174 1342 225 1415 eis
261 1341 404 1441 penitus
444 1339 587 1411 licentia
620 1355 656 1412 et
691 1340 854 1412 facultate
890 1365 953 1411 seu
988 1365 1057 1438 per
1091 1341 1248 1439 appella·

175 1458 312 1529 tionem
347 1481 409 1527 seu
441 1481 505 1554 per
535 1457 630 1528 tiam
662 1455 815 1554 querelae
844 1470 906 1526 aut
927 1455 1016 1527 alias
1039 1457 1248 1529 addictam

175 1572 415 1646 venerabilem
438 1574 575 1646 curiam
601 1575 727 1670 regalis
752 1573 967 1671 parlamenti
984 1577 1197 1649 recurrendi
1216 1591 1248 1647 et

172 1715 240 1790 pro
255 1679 353 1786 juris
363 1689 523 1760 remedio
547 1690 792 1786 confugiendi.

223 1804 453 1876 l’otiebantur
470 1805 571 1897 olim,
589 1820 629 1876 nt
645 1805 782 1877 cunctis
799 1805 881 1877 satis
900 1807 1090 1877 notorium
1100 1809 1245 1898 exsistit,

175 1922 308 2020 praelati
339 1935 374 1992 et
403 1920 559 1993 ecclesiae
590 1921 839 2016 Normanniae,
873 1922 1191 2019 quemadmodum
1217 1940 1247 1995 et

88 2130 90 2135 Ι
173 2039 289 2112 caeteri
320 2038 454 2137 praelati
484 2053 520 2111 et
550 2039 706 2111 ecclesiae
738 2041 860 2134 regni,
896 2040 966 2111 hac
999 2039 1170 2114 libertate
1203 2046 1248 2114 eis

86 2142 88 2147 ’
175 2156 299 2252 utique
324 2153 466 2251 perutili
499 2178 541 2225 ac
570 2155 850 2252 pernecessaria,
886 2156 988 2254 quod
1011 2157 1050 2228 in
1072 2158 1147 2230 istis
1170 2184 1248 2231 con·

174 2270 355 2343 troversiis
385 2293 464 2366 quae
488 2269 613 2342 dietim
640 2270 733 2343 inter
760 2296 823 2344 eos
851 2286 958 2371 atque
992 2271 1120 2347 officia
1149 2300 1249 2348 saecu·

176 2388 266 2461 laria
298 2387 434 2461 oboriri
461 2389 596 2476 solent,
629 2414 692 2461 sen
724 2416 830 2488 super
859 2390 1075 2463 differentiis
1089 2393 1248 2491 jurisdic-

177 2505 318 2576 tionum
346 2526 389 2577 ac
411 2504 678 2576 immunitatum
694 2506 1034 2601 ecclesiasticarum,
1061 2535 1128 2582 seu
1149 2535 1248 2609 super

176 2620 407 2693 ecclesiarum
433 2621 598 2715 dotibus,
625 2637 661 2693 et
682 2622 718 2693 in
742 2622 944 2721 quibusque
972 2626 1102 2699 arduis
1122 2644 1157 2699 et
1177 2653 1248 2724 gra-

176 2736 336 2809 vioribus
364 2736 524 2834 negotiis,
544 2739 718 2835 perviam
736 2739 888 2837 querelae
906 2739 1120 2837 hujusmodi
1134 2769 1247 2817 causas

177 2852 391 2930 obtinebant
414 2878 435 2927 a
459 2880 541 2951 rege
565 2856 741 2927 committi
767 2857 801 2927 in
833 2856 932 2928 curia
956 2857 1175 2956 parlamenti
1198 2864 1246 2933 rel

179 2987 423 3070 requestarum
450 2971 623 3062 Parisius;
647 2986 681 3042 et
707 2997 772 3070 per
798 2972 863 3044 has
888 2973 1117 3049 venerabiles
1140 2981 1247 3050 curias

90 3070 103 3099 ’
175 3087 349 3185 justitiam
381 3088 507 3186 sapius
526 3091 696 3181 assecuti,
717 3088 948 3161 ecclesiarum
978 3116 1132 3165 suarum
1152 3096 1245 3192 jura,

177 3202 443 3299 jurisdictiones
471 3218 579 3298 atque
609 3204 849 3276 immunitates
866 3221 993 3279 contra
1026 3209 1154 3298 dolos,
1180 3212 1248 3283 vio·

182 3317 309 3390 lentias
326 3333 361 3389 et
377 3318 574 3391 calumnias
599 3318 845 3391 advocationis
866 3321 1045 3395 saecularis
1065 3342 1104 3398 et
1121 3327 1249 3399 officio·

182 3457 262 3504 rum
280 3435 400 3531 patriae
427 3450 620 3533 utcumque
641 3435 860 3531 tutabantur,
892 3439 1123 3539 quietiusque
1143 3444 1249 3515 multo

183 3564 218 3621 et
241 3548 464 3646 tranquillius
496 3567 530 3623 et
560 3551 705 3624 liberius
730 3553 801 3624 suis
826 3568 912 3626 tunc
937 3556 1175 3653 potiebantur
1198 3562 1250 3655 ju·

184 3663 450 3738 risdictionibus
468 3681 504 3738 et
527 3667 767 3762 libertatibus,
799 3683 898 3740 metu
923 3673 1085 3769 quodam
1115 3677 1250 3774 justitia

182 3780 276 3853 illius
311 3806 484 3880 suprema
523 3783 629 3855 curiae
664 3784 895 3884 parlamenti,
927 3811 949 3860 a
978 3813 1052 3885 qua
1083 3817 1154 3889 pro
1185 3794 1251 3863 suis

183 3897 276 3971 dolis
301 3914 336 3970 et
365 3898 553 3972 calumniis
575 3901 694 4000 puniri
724 3916 760 3974 et
784 3904 941 3975 coerceri
966 3930 1045 3979 non
1069 3909 1252 3982 modicum

110 4074 114 4080 .
183 4009 438 4087 formianae.
469 4015 584 4087 noue
605 4043 691 4090 vero
712 4002 820 4092 tottii
843 4021 1038 4117 provincie
1063 4025 1252 4099 advocato

183 4130 359 4203 saecularis
387 4147 423 4203 et
452 4145 581 4204 cuncta
605 4135 726 4232 patriae
749 4133 869 4208 officia
900 4137 998 4211 hunc
1031 4142 1254 4216 Ludovicum

182 4272 302 4346 regem
329 4261 365 4320 et
394 4247 589 4321 nonnullos
614 4248 659 4324 de
695 4249 926 4351 primioribus
956 4255 1058 4355 apud
1090 4283 1177 4331 eum
1208 4261 1253 4332 ita
