2946 5070
485 144 505 177 N

212 473 271 530 vso
482 469 742 529 nuronunuu
761 470 938 530 runovru
958 431 1001 528 iu

211 604 300 701 cipis
313 603 367 674 sui
379 617 484 700 atque
493 601 673 702 pontificis
684 616 895 701 potestatem
910 602 1112 695 reduxerat,
1131 627 1214 675 cum
1229 629 1266 676 ex

211 715 400 791 Hollandia
412 733 448 790 et
461 718 587 790 vicinis
601 720 700 790 terris
718 735 847 792 cuncta
863 744 985 792 secure
1004 702 1112 819 atque
1127 721 1269 794 affluen-

209 846 264 905 ter
285 832 567 926 adveherentur,
592 835 890 933 minuebaturque
908 837 945 908 iu
963 834 1039 910 dies
1053 861 1177 910 rerum
1192 863 1269 911 om-

209 949 311 1020 nium
339 949 419 1020 usui
448 951 526 1023 vitae
557 952 834 1023 necessariarum
866 950 1166 1052 decrescebatque
1193 980 1270 1053 pre-

208 1066 326 1139 tium:
347 1065 445 1138 unde
472 1066 658 1139 exsultatio
680 1081 716 1138 et
744 1067 869 1162 ingens
891 1067 1009 1141 laetitia
1036 1069 1134 1168 plebi
1160 1071 1271 1144 inerat

91 1221 101 1238 ι
208 1178 356 1275 hujusce
367 1179 638 1253 commoditates
654 1179 721 1253 sibi
735 1181 941 1280 provenisse
952 1186 1126 1276 cernenti,
1143 1184 1270 1282 quibus

207 1293 356 1368 biennio
370 1296 521 1394 privata,
537 1294 604 1367 sub
617 1295 694 1367 dira
706 1297 872 1368 servitute
883 1311 1120 1395 tyrannorum
1131 1299 1224 1372 same
1236 1318 1270 1373 et

207 1411 358 1508 penuria
370 1411 540 1497 ,omnium
559 1435 679 1483 rerum
695 1412 912 1510 elanguerat.
938 1412 1027 1506 Sed,
1047 1413 1156 1489 heus!
1179 1416 1267 1515 proh

208 1524 332 1611 dolor!
360 1526 567 1623 hujusmodi
588 1542 841 1601 momentanea
860 1528 979 1600 laetitia
1005 1529 1139 1611 civitati
1155 1534 1268 1604 statim

207 1666 308 1714 versa
325 1659 377 1715 est
394 1643 431 1713 iu
445 1643 582 1715 luctum
602 1657 638 1716 et
655 1643 867 1716 lamentum.
888 1647 977 1715 Nam
995 1659 1079 1742 post
1097 1646 1268 1746 irruptio-

207 1784 291 1832 nem
312 1759 527 1832 Clivensium
551 1761 704 1850 factam,
729 1758 851 1832 denuo
871 1759 1013 1836 civitate
1029 1761 1201 1834 omnibus
1217 1764 1267 1834 vi·

206 1876 295 1948 ciuis
318 1876 420 1947 terris
440 1875 600 1964 inimica,
625 1875 727 1948 nullo
744 1900 784 1947 ex
809 1866 917 1947 latere
944 1875 982 1947 in
1004 1898 1085 1948 eam
1106 1877 1269 1950 victualia

205 1991 452 2090 portabantur.
466 1997 634 2065 Poterant
650 1992 741 2064 forte
755 1990 930 2063 nonnulla
946 2016 989 2063 ex
1002 1992 1269 2066 transissellanis

206 2109 347 2207 oppidis
365 2108 514 2201 advehi,
534 2108 597 2181 sed
613 2134 696 2180 cum
713 2108 821 2180 tantis
837 2106 1037 2206 sumptibus
1054 2122 1089 2179 et
1106 2107 1268 2206 periculis

205 2224 329 2321 quod,
349 2249 433 2296 cum
452 2223 499 2296 ad
521 2225 699 2296 civitatem
717 2247 831 2321 usque
846 2224 1033 2322 pervenire
1049 2224 1264 2322 potuissent,

205 2355 280 2413 tam
295 2365 379 2413 caro
396 2364 439 2412 ea
454 2340 665 2413 venumdari
684 2339 887 2439 oportebat,
906 2338 1006 2435 quod
1016 2337 1134 2439 plebis
1150 2339 1266 2410 humi·

204 2452 302 2524 lioris
330 2452 377 2526 ad
399 2478 440 2524 ea
462 2451 615 2525 emenda
638 2452 820 2525 facultates
840 2452 987 2525 minime
1010 2449 1263 2525 sufficiebant

205 2571 291 2640 Erat
316 2582 401 2643 tunc
431 2591 577 2640 annona
610 2566 745 2665 ubique
776 2591 879 2656 cara,
905 2565 968 2638 sed
993 2590 1035 2638 ex
1059 2580 1205 2637 vectura
1234 2580 1266 2636 et

203 2687 342 2755 scorto·
356 2708 419 2755 seu
436 2682 636 2776 conductu,
658 2683 812 2781 pretium
832 2680 879 2754 ad
897 2683 1036 2754 tertiam
1058 2697 1198 2781 partem
1213 2680 1265 2752 vel

203 2800 356 2899 amplius
379 2800 415 2870 in
439 2800 580 2871 civitate
594 2796 830 2871 excrescebat.
850 2797 920 2868 Sed
937 2811 974 2869 et
989 2812 1075 2868 tunc
1092 2798 1264 2869 rarissime

202 2915 321 3013 aliqua
346 2914 609 2987 invehebantur
637 2913 684 2986 ad
716 2914 930 3018 civitatem:
957 2937 998 2984 ex
1025 2937 1100 3009 quo
1127 2913 1264 2984 contin·

202 3029 308 3125 gebat
323 3029 423 3126 quod
435 3030 540 3102 simul
556 3054 640 3101 cum
656 3028 800 3100 caritate
816 3051 971 3099 annonae
987 3025 1219 3099 invalesceret
1231 3039 1264 3098 et

202 3145 323 3217 sames.

241 3397 270 3451 l.
297 3419 309 3446 ι
325 3392 441 3453 Dedans
453 3393 574 3453 Utrecht
591 3394 744 3452 n'estoient
763 3395 856 3454 nulles
873 3394 968 3454 chnirs
984 3414 1023 3454 nc
1039 3397 1181 3475 quelques
1196 3417 1261 3477 pro

200 3485 307 3543 visions
325 3486 361 3544 de
378 3488 438 3559 sel,
458 3499 486 3546 et
498 3508 558 3567 ung
571 3501 622 3566 pot
636 3487 672 3545 de
685 3487 815 3546 cervoise
829 3507 860 3546 se
873 3486 990 3547 vendoit
1003 3488 1073 3569 cinq
1083 3490 1154 3553 sols.
1172 3516 1187 3544 ι
1201 3495 1260 3550 Mo·

199 3578 284 3653 linet,
303 3593 324 3639 t.
340 3584 383 3656 11,
398 3580 484 3659 chap.
499 3601 580 3644 xcvr.
1049 3582 1072 3630 θ

239 3677 269 3732 2.
289 3675 386 3733 Plutdt
401 3689 508 3748 scorta,
528 3677 656 3754 quoique
676 3676 704 3736 la
726 3678 818 3735 lorme
839 3691 957 3734 scortum
978 3674 1019 3735 ait
1040 3675 1086 3734 ete
1106 3676 1261 3736 introduite

199 3767 271 3827 dans
288 3767 315 3827 le
335 3769 472 3847 glossaire
494 3768 530 3827 de
548 3773 594 3827 Du
609 3772 705 3849 Gange
723 3770 836 3849 d’aprls
857 3768 1002 3828 l'autorite
1020 3767 1057 3827 de
1076 3788 1110 3827 ce
1130 3789 1258 3849 passage.

198 3863 273 3921 (l‘est
285 3863 313 3921 le
325 3875 386 3921 mot
399 3862 521 3937 franceis
536 3878 649 3920 escorte.
703 3938 709 3944 1
833 3940 837 3947 ⁴
928 3872 932 3879 '
