2946 5070
525 111 635 183 mem
655 109 848 168 sisennus.
1157 113 1216 169 ιιι

149 239 368 341 sufficienter
382 240 513 313 referre
525 238 676 340 ,possiti
695 243 812 329 Quem
828 261 913 309 cnm
931 237 995 310 diu
1011 238 1079 310 sub
1096 256 1217 315 custo-

146 360 206 433 dia
230 362 371 449 Parisiis
391 362 521 437 servari
544 360 724 457 jussisset,
757 359 908 431 omnino
928 358 1109 459 perditum
1132 387 1216 435 eum

145 506 211 580 per
233 482 338 554 curiae
359 482 574 555 Parlamenti
591 480 931 575 condemnationem
952 480 1072 567 vfacere
1094 485 1218 583 cupie-

147 599 227 691 bat;
247 617 282 697 et
297 602 346 673 ob
363 627 442 674 eam
462 626 631 693 causam,
646 600 832 700 paululum
853 616 1047 699 antequam
1063 628 1218 689 morere·

146 735 217 813 tur,
239 721 509 793 cancellarium¹
529 719 590 790 iilo
619 718 796 817 proiicisci
818 721 989 814 jusserat,
1008 720 1156 818 cupiens
1178 738 1218 797 ut

145 836 200 907 vel
219 862 372 929 nocenS,
391 837 448 907 vel
465 838 656 927 innocens,
675 848 714 915 ut
731 833 824 906 sama
839 837 1041 906 communis
1057 836 1215 932 ferebat,

144 954 346 1051 puniretur.
367 958 406 1023 ln
424 977 497 1049 qno
511 968 632 1024 tamen
647 944 870 1021 credendum
889 965 1030 1039 nonest
1048 954 1216 1026 eumdem

144 1070 422 1157 cancellarium,
453 1069 514 1165 qui
533 1068 618 1165 justi
649 1081 685 1137 et
713 1066 818 1164 acqui
831 1068 1094 1160 amantissimus
1123 1087 1215 1164 erat,

144 1208 248 1256 suum
265 1199 391 1256 contra
404 1186 511 1280 juset
525 1183 576 1254 ias
590 1182 827 1254 ministerium
843 1183 1017 1281 impertiri
1030 1177 1216 1260 volnisse¹.

143 1298 254 1370 idem·
269 1315 389 1372 autem
403 1300 545 1396 juvenis
568 1297 664 1389 dux,
689 1323 770 1392 rege
788 1298 866 1396 ipso
882 1300 1088 1393 exstincto,
1099 1304 1218 1375 statim

143 1414 236 1488 ab
205 1441 257 1487 ers
270 1418 332 1513 qui
346 1441 445 1512 regni
436 1414 754 1520 moderationem
768 1430 1014 1512 susceperunt,
1030 1417 1177 1511 solutus
1183 1434 1219 1492 et

143 1531 236 1605 liber
252 1531 352 1605 abire
368 1533 572 1631 permissus,
593 1530 666 1602 suis
678 1528 788 1602 ctiam
806 1545 980 1603 terrarum
998 1532 1167 1633 dominiis
1183 1551 1219 1609 et

142 1628 345 1719 honoribus
366 1648 525 1745 plenarie
542 1661 593 1718 est
614 1646 805 1721 restitutus
835 1650 1010 1718 Revocata
1033 1648 1140 1731 etiam
1159 1647 1218 1719 illa

143 1761 268 1860 iniqua
280 1761 523 1835 damnationis
538 1762 714 1834 sententia
727 1763 763 1833 in
781 1762 910 1835 ducem
925 1763 1025 1834 illum
1040 1765 1217 1860 optimum

143 1876 190 1950 de
207 1885 387 1952 Nemours
400 1904 467 1951 sno
479 1880 578 1976 jussu
596 1879 748 1978 prolata,
763 1861 884 1951 liberis
902 1866 979 1950 suis
990 1903 1099 1950 omne
1114 1881 1218 1978 patri·

143 1995 309 2067 monium
326 2011 379 2068 est
395 1997 624 2068 restitutum&

189 2111 276 2181 Dies
302 2135 361 2183 me
386 2110 551 2204 deficiet,
579 2113 610 2184 si
641 2138 743 2185 casus
768 2112 927 2209 singulos
954 2111 1083 2183 referre
1107 2051 1216 2183 velim

142 2224 271 2297 eor-um
278 2247 402 2322 ,quos
416 2224 501 2296 vel
492 2250 528 2303 ιιι
548 2249 724 2324 aquatum
740 2223 955 2322 gurgitibus,
978 2224 1035 2295 vel
1051 2224 1128 2296 aliis
1143 2233 1219 2335 poe·

143 2366 273 2415 narum
283 2339 487 2437 generibus,
500 2343 664 2439 quamvis
675 2334 846 2429 insontes,
860 2338 966 2413 variis
974 2339 1091 2412 modis
1101 2340 1216 2455 perire

143 2446 245 2551 iecit,
272 2459 329 2530 vei
348 2456 515 2557 squalore
539 2482 724 2531 carcerum
742 2457 916 2531 macerari
938 2446 974 2527 et
995 2444 1213 2551 constringi,

144 2574 272 2647 nullo
258 2576 348 2672 Jnris
368 2590 405 2646 et
420 2576 563 2672 justitiae
585 2575 712 2647 ordine
731 2574 940 2662 observato,
964 2597 1049 2644 cum
1074 2586 1110 2665 ct
1126 2574 1216 2644 arni·

144 2691 326 2764 cissimnm
352 2718 457 2765 suum
485 2693 704 2764 cardinaiem
734 2691 866 2784 Balue,
897 2705 932 2762 et
956 2688 1215 2760 virdunensem

145 2806 395 2911 episcopum,
426 2834 568 2883 carcere
593 2808 783 2879 detentos
773 2832 839 2911 per
862 2831 976 2878 annos
1001 2805 1140 2877 circiter
1163 2831 1213 2875 xn

146 2927 312 2997 tennerit
331 2924 428 2999 Intra
446 2909 548 3024 qnod
566 2941 706 3024 tempus
730 2938 802 2995 tam
809 2923 1010 3022 prolixum
1029 2947 1214 3019 nunquam

145 3042 183 3115 in
204 3043 285 3139 jure
305 3045 542 3137 audientiam,
567 3069 678 3140 quam
701 3041 946 3114 ardentissime
968 3039 1037 3112 sibi
1060 3041 1216 3139 prestari

189 3304 218 3360 i.
242 3298 340 3359 Pierrc
354 3298 494 3359 d'Oriole.

188 3396 218 3452 2.
241 3392 264 3452 ΙΙ
280 3395 322 3452 fut
335 3394 496 3454 condamne
505 3386 564 3477 ¹par
575 3397 654 3454 acret
666 3393 706 3452 du
721 3391 899 3471 parlement‚·
908 3392 935 3451 ie
945 3392 982 3452 22
995 3412 1074 3453 mars
1089 3393 1216 3463 risza

147 3488 306 3552 demandet
323 3492 436 3573 pardon
455 3514 493 3552 au
512 3493 575 3564 roi,
594 3492 705 3573 ajurer
724 3490 760 3550 de
782 3490 810 3550 le
829 3491 923 3551 servir
941 3512 1046 3552 envers
1069 3505 1097 3551 et
1116 3502 1216 3550 contre

148 3599 232 3663 tous,
257 3601 285 3645 et
308 3587 457 3647 asonrnie
480 3587 516 3645 de
540 3587 601 3647 cela
627 3586 743 3645 cantion
762 3576 920 3649 suffisante.
941 3585 1030 3666 Iouis
1050 3588 1094 3643 xl
1113 3595 1216 3642 uonva

147 3699 205 3758 que
218 3679 248 3739 ia
260 3680 411 3741 meilleure
423 3680 539 3741 cantion
554 3680 622 3741 etait
638 3679 675 3740 de
687 3678 715 3740 le
727 3678 802 3739 tenir
814 3698 883 3739 sons
896 3668 939 3741 ies
951 3697 1086 3738 verrons.

187 3779 217 3833 3.
240 3778 283 3833 En
296 3777 365 3835 nont
378 3778 469 3836 ilidii.

189 3872 218 3929 ι.
241 3872 315 3947 roy.
332 3882 354 3929 ι.
371 3874 414 3942 ιι,
435 3891 466 3950 p.
482 3873 551 3929 no.
