2946 5070
599 471 711 530 LIBER
732 475 882 532 SEXTUS.

443 845 456 868 .
527 736 783 810 CAPlTULUM
807 741 946 811 xxvtt.

200 939 348 1008 Quomodo
359 940 461 993 rutberi
472 941 769 1012 TrajcetensesVianam
781 941 949 1014 irruperunt;
961 941 1029 996 etde
1042 942 1116 996 clade
1126 945 1271 996 Anici-ssor-

238 1025 329 1090 densi,
343 1037 369 1078 et
380 1023 414 1077 de
424 1026 505 1079 variis
516 1026 693 1081 conventibus
705 1025 921 1097 adtractandum
942 1026 976 1081 de
987 1047 1078 1100 panea
1091 1029 1269 1101 Trajeetensi-

237 1108 289 1162 bru
300 1109 464 1164 simulatorie
475 1111 570 1164 aetia'.
1003 1134 1010 1145 ·

253 1302 394 1376 Insidiis
415 1304 523 1379 etiam
546 1320 582 1379 et
609 1305 813 1405 proditione
838 1306 1041 1403 aliquorum
1065 1306 1267 1378 accolarum

200 1417 272 1489 loci
302 1418 458 1516 rutberi,
482 1421 545 1518 qui
578 1423 616 1495 in
647 1424 788 1495 civitate
816 1447 884 1521 pro
913 1421 1078 1519 praesidio
1103 1422 1266 1495 collocati

199 1548 320 1628 erant,
336 1535 558 1636 oppidulum
575 1540 785 1632 Viennam',
808 1553 954 1637 perante
974 1561 1113 1636 semper
1136 1537 1266 1610 civitati

200 1651 359 1724 amicum
382 1668 418 1725 et
441 1652 679 1748 benevolum,
698 1680 741 1728 ex
757 1679 832 1752 quo
848 1653 931 1726 loco
955 1653 1065 1726 ferme
1092 1654 1170 1726 solo
1198 1655 1267 1750 (eo

200 1768 301 1865 quod
323 1792 388 1867 per
413 1784 522 1843 terras
539 1770 642 1843 ducis
658 1772 800 1844 Austriae
825 1770 938 1842 libera
955 1770 1105 1843 baberet
1127 1794 1267 1842 exerce-

199 1901 324 1985 retque
342 1889 576 1985 commercia)
601 1890 754 1989 plurima
772 1890 968 1962 necessaria
989 1889 1188 1985 Trajectum
1204 1890 1267 1962 ad-

199 2001 435 2095 vehebantur,
455 2020 566 2077 noctu
585 2006 811 2104 irruperunt⁸
826 2019 1043 2104 cooperante
1059 2029 1169 2104 opera
1184 2031 1266 2104 pro·
1315 2077 1318 2082 .

200 2118 375 2212 dirorum,
414 2120 709 2219 diripueruntque
752 2137 788 2194 et
822 2146 970 2194 suorum
1003 2144 1115 2197 manu
1149 2121 1265 2194 valida

199 2237 534 2329 communiverunt,
557 2262 764 2336 quanquam
792 2238 886 2310 cives
910 2239 982 2311 loci
1001 2238 1091 2311 nihil
1114 2237 1160 2310 de
1183 2243 1266 2312 Tra·

196 2352 414 2448 jectensibus
450 2352 577 2427 hostile
609 2356 890 2453 suspicarentur,
918 2378 985 2426 nec
1014 2354 1142 2446 ullam,
1169 2355 1268 2426 velut

200 2467 289 2540 nbi]
307 2483 520 2560 metuentes,
541 2485 762 2543 armatorum
778 2471 1017 2542 munitionem
1034 2471 1190 2569 recipere
1205 2495 1267 2540 vo·

201 2583 349 2656 luissent
365 2613 373 2654 z
389 2585 433 2657 de
449 2610 523 2682 quo
539 2600 658 2658 tamen
675 2586 721 2659 ab
740 2585 907 2660 utralibet
920 2586 1074 2684 partium
1089 2586 1266 2659 sollicitati

201 2701 340 2773 fuerant
361 2717 397 2773 et
416 2705 542 2800 saepius
556 2704 758 2801 pertentati.
780 2702 854 2775 lllic
875 2701 1065 2776 adstabant
1083 2702 1204 2803 plures
1222 2727 1265 2773 ex

200 2817 337 2890 civibus
351 2819 510 2891 exilitiis‘
524 2820 689 2913 civitatis,
707 2820 770 2916 qui
785 2818 832 2892 ad
846 2843 930 2892 eum
941 2819 1080 2913 locum,
1093 2832 1266 2914 tanquam

199 2955 366 3006 securum
393 2948 428 3006 et
456 2935 669 3023 neutralem,
697 2958 771 3006 sese
796 2934 1038 3006 contulerunt.
1070 2935 1171 3021 Quos
1200 2958 1266 3004 ru-

200 3046 304 3137 theri,
322 3049 427 3121 bonis
443 3051 515 3122 suis
532 3064 657 3122 exutos
677 3065 713 3124 et
728 3051 910 3150 spoliatos,
931 3051 1037 3123 etiam
1053 3046 1099 3121 ad
1117 3074 1153 3120 se
1173 3047 1266 3120 redi·

201 3164 373 3238 mendum
388 3168 527 3264 magnis
542 3167 775 3265 pecuniarum
792 3160 940 3239 summis
956 3164 1162 3262 adegerunt.

250 3284 301 3352 Ea
316 3270 371 3354 res
387 3284 544 3380 primurn
570 3308 592 3356 a
618 3283 800 3355 nonnullis
822 3282 1123 3380 Trajectensibus,
1142 3297 1265 3355 aucto-

200 3394 299 3467 ribus
329 3412 364 3468 et
395 3397 592 3471 fautoribus
618 3398 839 3490 rebellionis,
867 3425 933 3498 pro
966 3399 1056 3472 lelici
1083 3424 1125 3470 ac
1152 3399 1265 3472 lausto

200 3528 377 3610 proventu
400 3514 615 3607 ducebatur;
639 3517 701 3589 sed
725 3517 884 3617 prolecto
908 3542 930 3590 a
951 3517 1151 3616 quibusque
1175 3520 1266 3617 peri·

200 3627 350 3701 tioribus
376 3654 495 3704 rerum
531 3633 802 3707 aestimatoribus
830 3633 948 3705 infelix
980 3634 1265 3731 et,iniquissima

239 3861 268 3917 l.
292 3859 427 3937 Chapitre
441 3858 539 3939 public
552 3862 622 3921 dans
636 3863 677 3922 les
689 3869 828 3921 Analecta
842 3864 878 3923 de
885 3863 1034 3923 Matthaeus
1049 3877 1076 3922 ct
1090 3864 1161 3922 dans
1175 3863 1262 3921 l‘Am-

197 3954 325 4026 ptisana
338 3958 473 4014 collectio.

237 4048 268 4103 2.
291 4046 410 4108 Vianen.

240 4142 269 4198 ³.
293 4144 330 4198 lt
345 4159 421 4199 mars
436 4143 524 4200 tt82.

242 4236 270 4291 li.
293 4233 396 4293 Matth.
411 4237 577 4296 amolireris.
