2946 5070
303 1069 307 1076 ·
386 1018 557 1108 INDEX
591 1016 997 1108 CAPITULORUM

153 1266 184 1303 ttt
198 1265 259 1313 QUAE
279 1265 462 1305 ntennuurun
482 1265 673 1305 msronttnuu
691 1266 827 1304 LUDOVICI
847 1266 880 1307 xl
897 1267 973 1306 Ltnnl
991 1268 1049 1306 ntJo
1069 1267 1215 1306 rosmut.

552 1513 656 1567 LIBER
675 1513 823 1569 SEXTUS.

1148 1639 1220 1677 raons

152 1695 312 1748 Carnum
328 1714 446 1749 rmus.
460 1726 497 1738 -
509 1694 590 1763 Quod
613 1715 668 1750 non
689 1696 784 1765 luctus,
802 1697 847 1752 sed
866 1698 956 1753 letitia
976 1700 1006 1754 in
1026 1698 1151 1755 Flandria

187 1793 212 1832 et
229 1780 370 1833 brabantia
386 1781 435 1834 tuit
449 1778 483 1832 de
496 1793 580 1834 morte
591 1781 690 1848 Caroli,
703 1782 831 1854 principis
841 1783 897 1850 sui;
910 1796 936 1837 et
949 1781 983 1836 de
992 1785 1149 1837 tumultibus

188 1884 219 1919 ac
238 1863 411 1919 seditionibus
431 1866 602 1938 popularium
616 1867 702 1919 statim
720 1881 780 1939 post
791 1869 937 1921 subsecutis
940 1907 1071 1924 ........
1204 1871 1216 1922 l
1273 1897 1277 1905 ·

152 1988 312 2041 Cmrunuu
325 2007 355 2043 rt.
368 1989 535 2056 -Qualiter
551 2009 595 2043 rex
615 1990 702 2044 statim
715 1991 855 2064 occuparit
871 2003 952 2045 terras
962 1991 1089 2064 plurimas
1101 1990 1147 2044 Pi·

189 2072 298 2140 cadim
313 2087 339 2128 et
354 2073 389 2128 de
399 2075 530 2146 legatione
540 2075 576 2129 ad
589 2095 651 2130 eum
665 2076 743 2130 missa
757 2096 789 2130 ex
800 2075 931 2132 Gaudavo
937 2115 1142 2132 ............
1201 2077 1219 2128 l

152 2200 312 2254 Carnutum
326 2219 366 2256 m.
377 2231 411 2242 -
426 2199 571 2268 Quomodo
587 2213 676 2273 etqua
694 2201 728 2255 de
739 2221 831 2269 causa,
845 2202 957 2257 reversis
971 2200 1078 2274 legatis,
1097 2221 1147 2256 uo·

187 2285 294 2338 luerunt
314 2284 401 2339 Status
418 2284 615 2352 Flandiiarum‚
628 2287 731 2342 oolleeti
743 2285 816 2359 apud
827 2285 999 2352 liundorum,
1011 2285 1149 2340 intendere

186 2368 223 2423 ad
238 2389 339 2442 eaquae
355 2390 402 2424 rex
419 2371 569 2443 postulabat
575 2408 1146 2427 ................................
1202 2370 1223 2427 0

152 2496 311 2550 Currunuu
328 2516 366 2555 tv.
379 2527 416 2539 -
430 2499 468 2551 De
482 2495 704 2551 condemnatione
722 2510 748 2551 et
764 2495 895 2570 supplicio
911 2509 1018 2573 sumpto
1031 2495 1066 2550 de
1077 2514 1144 2551 osu·

188 2582 294 2635 cellario
306 2581 382 2637 ducis
394 2582 512 2637 defuncti
523 2596 549 2637 et
559 2582 671 2636 domino
683 2582 717 2637 de
730 2583 907 2636 Humbercourt
909 2619 1144 2639 ..............
1185 2583 1216 2639 ll

153 2710 311 2763 Currum
329 2727 355 2762 v.
368 2736 406 2749 —
417 2708 456 2760 De
476 2706 545 2760 duce
567 2707 695 2777 Clivensi,
718 2707 784 2777 quid
806 2706 929 2761 Gaudavi
944 2719 1051 2780 ageret3
1070 2704 1149 2761 etde

188 2792 318 2864 legatione
330 2793 398 2864 regis
413 2791 448 2845 ad
462 2791 664 2865 principissam,
679 2805 704 2845 et
716 2793 766 2845 alia
777 2791 908 2864 legatione
920 2791 999 2846 missu
1009 2789 1101 2847 denuo
1114 2808 1149 2845 ex

188 2890 466 2963 parteprincipissuet
479 2908 588 2943 suorum
602 2886 637 2943 ad
649 2908 737 2962 regem
743 2926 1143 2945 .......................
1186 2889 1221 2943 lli

152 3015 311 3069 Qrtrmnu
329 3034 366 3070 vr.
381 3044 417 3056 -
428 3015 467 3067 De
480 3015 609 3086 legatione
625 3015 792 3088 imperatoris
803 3015 936 3069 Frederici
948 3016 1025 3070 missa
1042 3007 1164 3071 Gauda·-

188 3119 269 3166 vum‚
292 3113 318 3153 et
343 3098 376 3152 de
403 3100 574 3153 matrimonio
601 3101 670 3152 inter
696 3100 898 3173 principissam,
922 3113 1095 3172 presentem,
1121 3111 1148 3154 et

186 3185 417 3251 Maximilianum,
433 3203 482 3256 per
493 3184 639 3256 legitimum
649 3197 867 3257 procuratorem,
881 3203 929 3256 per
943 3186 1022 3240 verba
1033 3185 1067 3238 de
1077 3203 1147 3258 proe·

188 3272 254 3325 senti
268 3283 405 3325 contracto
410 3309 1143 3326 .........................................
1187 3272 1220 3325 ¹9

152 3397 421 3452 Carmonem-
432 3394 577 3464 Quomodo
591 3414 637 3449 rex
649 3394 778 3449 ducatum
791 3393 951 3467 burgundiae
964 3395 1063 3467 absque
1076 3395 1147 3450 bello

187 3481 343 3551 acquisivit,
359 3494 383 3535 et
396 3480 430 3535 de
442 3480 528 3552 prima
540 3480 680 3534 obsidione
697 3479 806 3534 Dolensi
812 3518 1143 3534 ...................
1184 3480 1218 3533 22

152 3609 312 3662 (arumnis
326 3626 384 3662 vm.
399 3637 436 3650 -
448 3604 593 3675 Quomodo
613 3607 768 3661 Atrebatum
785 3624 832 3659 rex
855 3605 936 3659 armis
950 3604 1107 3676 acquisivit,
1123 3617 1148 3659 et

187 3695 360 3748 Cameracum
371 3706 465 3766 sponte
481 3711 508 3746 se
521 3691 595 3746 dedit
598 3728 1144 3748 ...............................
1185 3691 1221 3743 26

152 3821 311 3874 Castrorum
325 3837 362 3873 tx.
376 3847 413 3860 -
423 3819 462 3872 De
482 3818 679 3890 expugnatione
697 3815 792 3890 oppidi
806 3823 930 3882 Avesnes,
945 3813 1021 3868 ducis
1035 3813 1151 3868 Geldrits

188 3903 274 3972 caede,
287 3918 313 3958 et
326 3904 456 3957 exercitus
468 3903 667 3975 flanungorum
681 3903 868 3976 profligatione
880 3914 907 3954 et
918 3899 1107 3972 dispersione..
1118 3939 1125 3953 .
1137 3939 1143 3954 .
1184 3900 1216 3952 at

152 4027 311 4084 anunurr
322 4049 349 4084 x.
364 4060 401 4103 -7
414 4027 562 4083 Admiratio
581 4047 629 4082 cur
649 4047 706 4082 non
723 4027 803 4081 inerit
822 4027 898 4080 aliter
915 4025 964 4079 sibi
987 4023 1149 4079 arridentem

188 4115 322 4170 somonam
335 4127 504 4187 prosecutus,
517 4126 577 4167 ante
590 4112 734 4167 adventum
749 4111 939 4178 Maximiliaui,
955 4109 1001 4164 sed
1013 4129 1029 4164 a
1039 4109 1149 4163 feliciter

188 4219 242 4253 ase
256 4199 346 4271 coeptis
357 4198 495 4266 destiterit,
508 4196 695 4253 tantummodo
707 4196 866 4269 quibusdam
880 4195 1104 4250 incursationibus
1122 4207 1148 4248 et

188 4302 313 4356 agrorum
326 4283 547 4356 populationibus
562 4302 610 4356 per
628 4300 690 4337 suos
702 4281 809 4337 interim
824 4281 899 4336 laetis
902 4317 1142 4338 ..............
1183 4279 1219 4332 ts
