<?xml version="1.0" encoding="UTF-8"?>
<!DOCTYPE html PUBLIC "-//W3C//DTD XHTML 1.0 Transitional//EN"
    "http://www.w3.org/TR/xhtml1/DTD/xhtml1-transitional.dtd">
<html xmlns="http://www.w3.org/1999/xhtml" xml:lang="en" lang="en">
 <head>
  <title>
</title>
<meta http-equiv="Content-Type" content="text/html;charset=utf-8" />
  <meta name='ocr-system' content='tesseract 3.04.00' />
  <meta name='ocr-capabilities' content='ocr_page ocr_carea ocr_par ocr_line ocrx_word'/>
</head>
<body>
  <div class='ocr_page' id='page_1' title='image "./histoiredesrgne00amelgoog_0120.png"; bbox 0 0 2946 5070; ppageno 0'>
   <div class='ocr_carea' id='block_1_1' title="bbox 588 441 1260 501">
    <p class='ocr_par' dir='ltr' id='par_1_1' title="bbox 588 441 1260 501">
     <span class='ocr_line' id='line_1_1' title="bbox 588 441 1260 501; baseline 0.007 -5"><span class='ocrx_word' id='word_1_1' title='bbox 588 441 695 497; x_wconf 74' lang='lat' dir='ltr'><strong>mnan</strong></span> <span class='ocrx_word' id='word_1_2' title='bbox 717 442 870 498; x_wconf 75' lang='lat' dir='ltr'><strong>sest.</strong></span> <span class='ocrx_word' id='word_1_3' title='bbox 1223 445 1260 501; x_wconf 76' lang='grc'><strong>63</strong></span> 
     </span>
    </p>
   </div>
   <div class='ocr_carea' id='block_1_2' title="bbox 123 572 1263 3437">
    <p class='ocr_par' dir='ltr' id='par_1_2' title="bbox 123 572 1262 2413">
     <span class='ocr_line' id='line_1_2' title="bbox 198 572 1260 671; baseline 0.005 -28"><span class='ocrx_word' id='word_1_4' title='bbox 198 585 332 668; x_wconf 79' lang='lat' dir='ltr'><strong>ageret,</strong></span> <span class='ocrx_word' id='word_1_5' title='bbox 347 587 396 662; x_wconf 87' lang='lat' dir='ltr'><strong>et,</strong></span> <span class='ocrx_word' id='word_1_6' title='bbox 415 572 616 646; x_wconf 86' lang='lat' dir='ltr'><strong>devotionis</strong></span> <span class='ocrx_word' id='word_1_7' title='bbox 633 597 675 646; x_wconf 88' lang='lat' dir='ltr'><strong>ac</strong></span> <span class='ocrx_word' id='word_1_8' title='bbox 694 575 897 648; x_wconf 71' lang='lat' dir='ltr'><strong>reverentie</strong></span> <span class='ocrx_word' id='word_1_9' title='bbox 917 574 964 648; x_wconf 89' lang='lat' dir='ltr'><strong>ad</strong></span> <span class='ocrx_word' id='word_1_10' title='bbox 982 574 1150 648; x_wconf 89' lang='lat' dir='ltr'><strong>eumdem</strong></span> <span class='ocrx_word' id='word_1_11' title='bbox 1166 575 1260 671; x_wconf 84' lang='lat' dir='ltr'><strong>lega-</strong></span> 
     </span>
     <span class='ocr_line' id='line_1_3' title="bbox 198 687 1261 790; baseline 0.006 -31"><span class='ocrx_word' id='word_1_12' title='bbox 198 703 277 760; x_wconf 91' lang='lat' dir='ltr'><strong>tum</strong></span> <span class='ocrx_word' id='word_1_13' title='bbox 305 690 438 784; x_wconf 85' lang='lat' dir='ltr'><strong>gratia,</strong></span> <span class='ocrx_word' id='word_1_14' title='bbox 469 690 555 761; x_wconf 90' lang='lat' dir='ltr'><strong>dicti</strong></span> <span class='ocrx_word' id='word_1_15' title='bbox 589 689 635 761; x_wconf 86' lang='lat' dir='ltr'><strong>de</strong></span> <span class='ocrx_word' id='word_1_16' title='bbox 665 687 810 763; x_wconf 84' lang='lat' dir='ltr'><strong>Medicis</strong></span> <span class='ocrx_word' id='word_1_17' title='bbox 837 714 921 762; x_wconf 92' lang='lat' dir='ltr'><strong>cum</strong></span> <span class='ocrx_word' id='word_1_18' title='bbox 948 691 1136 764; x_wconf 86' lang='lat' dir='ltr'><strong>innumera</strong></span> <span class='ocrx_word' id='word_1_19' title='bbox 1161 716 1261 790; x_wconf 88' lang='lat' dir='ltr'><strong>paene</strong></span> 
     </span>
     <span class='ocr_line' id='line_1_4' title="bbox 198 803 1262 903; baseline 0.006 -29"><span class='ocrx_word' id='word_1_20' title='bbox 198 803 468 878; x_wconf 80' lang='lat' dir='ltr'>honorabilium</span> <span class='ocrx_word' id='word_1_21' title='bbox 483 805 616 877; x_wconf 87' lang='lat' dir='ltr'><strong>civium</strong></span> <span class='ocrx_word' id='word_1_22' title='bbox 632 803 785 877; x_wconf 88' lang='lat' dir='ltr'><strong>aliorum</strong></span> <span class='ocrx_word' id='word_1_23' title='bbox 799 805 1026 877; x_wconf 89' lang='lat' dir='ltr'><strong>multitudine</strong></span> <span class='ocrx_word' id='word_1_24' title='bbox 1039 806 1087 878; x_wconf 85' lang='lat' dir='ltr'><strong>ad</strong></span> <span class='ocrx_word' id='word_1_25' title='bbox 1099 806 1262 903; x_wconf 88' lang='lat' dir='ltr'><strong>hujusce-</strong></span> 
     </span>
     <span class='ocr_line' id='line_1_5' title="bbox 199 916 1261 1020; baseline 0.004 -29"><span class='ocrx_word' id='word_1_26' title='bbox 199 920 301 992; x_wconf 89' lang='lat' dir='ltr'>modi</span> <span class='ocrx_word' id='word_1_27' title='bbox 318 921 492 1020; x_wconf 88' lang='lat' dir='ltr'><strong>templum</strong></span> <span class='ocrx_word' id='word_1_28' title='bbox 518 922 786 1015; x_wconf 84' lang='lat' dir='ltr'><strong>adventassent,</strong></span> <span class='ocrx_word' id='word_1_29' title='bbox 814 921 932 994; x_wconf 90' lang='lat' dir='ltr'><strong>subito</strong></span> <span class='ocrx_word' id='word_1_30' title='bbox 959 923 997 994; x_wconf 91' lang='lat' dir='ltr'><strong>in</strong></span> <span class='ocrx_word' id='word_1_31' title='bbox 1022 947 1106 1015; x_wconf 88' lang='lat' dir='ltr'><strong>eos,</strong></span> <span class='ocrx_word' id='word_1_32' title='bbox 1133 924 1195 1020; x_wconf 90' lang='lat' dir='ltr'><strong>qui</strong></span> <span class='ocrx_word' id='word_1_33' title='bbox 1215 916 1261 996; x_wconf 91' lang='lat' dir='ltr'><strong>de</strong></span> 
     </span>
     <span class='ocr_line' id='line_1_6' title="bbox 201 1038 1260 1136; baseline 0.005 -30"><span class='ocrx_word' id='word_1_34' title='bbox 201 1038 315 1110; x_wconf 86' lang='lat' dir='ltr'><strong>Passis</strong></span> <span class='ocrx_word' id='word_1_35' title='bbox 333 1053 369 1110; x_wconf 90' lang='lat' dir='ltr'><strong>et</strong></span> <span class='ocrx_word' id='word_1_36' title='bbox 391 1063 518 1112; x_wconf 88' lang='lat' dir='ltr'><strong>eorum</strong></span> <span class='ocrx_word' id='word_1_37' title='bbox 539 1038 786 1134; x_wconf 84' lang='lat' dir='ltr'><strong>conjuratione</strong></span> <span class='ocrx_word' id='word_1_38' title='bbox 810 1039 882 1112; x_wconf 89' lang='lat' dir='ltr'><strong>illie</strong></span> <span class='ocrx_word' id='word_1_39' title='bbox 899 1064 942 1111; x_wconf 77' lang='lat' dir='ltr'><strong>ex</strong></span> <span class='ocrx_word' id='word_1_40' title='bbox 958 1040 1160 1136; x_wconf 89' lang='lat' dir='ltr'><strong>composito</strong></span> <span class='ocrx_word' id='word_1_41' title='bbox 1177 1039 1260 1112; x_wconf 89' lang='lat' dir='ltr'><strong>ade-</strong></span> 
     </span>
     <span class='ocr_line' id='line_1_7' title="bbox 198 1152 1261 1251; baseline 0.003 -26"><span class='ocrx_word' id='word_1_42' title='bbox 198 1167 304 1239; x_wconf 90' lang='lat' dir='ltr'><strong>rant,</strong></span> <span class='ocrx_word' id='word_1_43' title='bbox 337 1154 503 1226; x_wconf 78' lang='lat' dir='ltr'><strong>districtis</strong></span> <span class='ocrx_word' id='word_1_44' title='bbox 534 1154 641 1227; x_wconf 88' lang='lat' dir='ltr'><strong>armis</strong></span> <span class='ocrx_word' id='word_1_45' title='bbox 674 1152 884 1251; x_wconf 83' lang='lat' dir='ltr'><strong>gladiisque,</strong></span> <span class='ocrx_word' id='word_1_46' title='bbox 920 1167 1027 1251; x_wconf 82' lang='lat' dir='ltr'><strong>atque</strong></span> <span class='ocrx_word' id='word_1_47' title='bbox 1054 1153 1261 1228; x_wconf 85' lang='lat' dir='ltr'><strong>satellitibus</strong></span> 
     </span>
     <span class='ocr_line' id='line_1_8' title="bbox 198 1270 1261 1368; baseline 0.006 -30"><span class='ocrx_word' id='word_1_48' title='bbox 198 1270 336 1366; x_wconf 83' lang='lat' dir='ltr'><strong>stipati,</strong></span> <span class='ocrx_word' id='word_1_49' title='bbox 356 1271 546 1364; x_wconf 86' lang='lat' dir='ltr'><strong>irruerunt,</strong></span> <span class='ocrx_word' id='word_1_50' title='bbox 569 1288 604 1343; x_wconf 89' lang='lat' dir='ltr'><strong>et</strong></span> <span class='ocrx_word' id='word_1_51' title='bbox 618 1271 800 1343; x_wconf 85' lang='lat' dir='ltr'><strong>lulianum</strong></span> <span class='ocrx_word' id='word_1_52' title='bbox 820 1270 966 1368; x_wconf 91' lang='lat' dir='ltr'><strong>quidem</strong></span> <span class='ocrx_word' id='word_1_53' title='bbox 984 1271 1078 1342; x_wconf 86' lang='lat' dir='ltr'><strong>intra</strong></span> <span class='ocrx_word' id='word_1_54' title='bbox 1097 1272 1261 1344; x_wconf 89' lang='lat' dir='ltr'><strong>eamdem</strong></span> 
     </span>
     <span class='ocr_line' id='line_1_9' title="bbox 199 1382 1260 1483; baseline 0.005 -27"><span class='ocrx_word' id='word_1_55' title='bbox 199 1382 382 1458; x_wconf 82' lang='lat' dir='ltr'><strong>basilicam</strong></span> <span class='ocrx_word' id='word_1_56' title='bbox 416 1387 663 1479; x_wconf 80' lang='lat' dir='ltr'><strong>trucidarunt3</strong></span> <span class='ocrx_word' id='word_1_57' title='bbox 697 1389 927 1460; x_wconf 79' lang='lat' dir='ltr'><strong>Laurentium</strong></span> <span class='ocrx_word' id='word_1_58' title='bbox 961 1411 1071 1477; x_wconf 84' lang='lat' dir='ltr'><strong>veru,</strong></span> <span class='ocrx_word' id='word_1_59' title='bbox 1102 1386 1260 1483; x_wconf 86' lang='lat' dir='ltr'><strong>ejusdem</strong></span> 
     </span>
     <span class='ocr_line' id='line_1_10' title="bbox 200 1502 1258 1603; baseline 0.005 -31"><span class='ocrx_word' id='word_1_60' title='bbox 200 1525 435 1597; x_wconf 84' lang='lat' dir='ltr'><strong>germanum,</strong></span> <span class='ocrx_word' id='word_1_61' title='bbox 466 1505 598 1603; x_wconf 86' lang='lat' dir='ltr'><strong>pariter</strong></span> <span class='ocrx_word' id='word_1_62' title='bbox 621 1505 728 1577; x_wconf 87' lang='lat' dir='ltr'><strong>etiam</strong></span> <span class='ocrx_word' id='word_1_63' title='bbox 750 1518 930 1577; x_wconf 86' lang='lat' dir='ltr'><strong>tentarunt</strong></span> <span class='ocrx_word' id='word_1_64' title='bbox 953 1502 1128 1576; x_wconf 87' lang='lat' dir='ltr'><strong>occidere.</strong></span> <span class='ocrx_word' id='word_1_65' title='bbox 1165 1506 1258 1597; x_wconf 86' lang='lat' dir='ltr'><strong>Qui,</strong></span> 
     </span>
     <span class='ocr_line' id='line_1_11' title="bbox 199 1618 1256 1719; baseline 0.005 -31"><span class='ocrx_word' id='word_1_66' title='bbox 199 1642 267 1715; x_wconf 92' lang='lat' dir='ltr'><strong>pro</strong></span> <span class='ocrx_word' id='word_1_67' title='bbox 295 1621 455 1715; x_wconf 82' lang='lat' dir='ltr'><strong>germani</strong></span> <span class='ocrx_word' id='word_1_68' title='bbox 476 1620 531 1693; x_wconf 89' lang='lat' dir='ltr'><strong>sui</strong></span> <span class='ocrx_word' id='word_1_69' title='bbox 549 1635 623 1693; x_wconf 87' lang='lat' dir='ltr'><strong>tam</strong></span> <span class='ocrx_word' id='word_1_70' title='bbox 639 1620 822 1695; x_wconf 83' lang='lat' dir='ltr'><strong>horrenda</strong></span> <span class='ocrx_word' id='word_1_71' title='bbox 846 1634 882 1693; x_wconf 88' lang='lat' dir='ltr'><strong>et</strong></span> <span class='ocrx_word' id='word_1_72' title='bbox 905 1618 1072 1715; x_wconf 79' lang='lat' dir='ltr'><strong>sacrilega</strong></span> <span class='ocrx_word' id='word_1_73' title='bbox 1093 1644 1256 1719; x_wconf 89' lang='lat' dir='ltr'><strong>peremp-</strong></span> 
     </span>
     <span class='ocr_line' id='line_1_12' title="bbox 200 1733 1257 1831; baseline 0.004 -27"><span class='ocrx_word' id='word_1_74' title='bbox 200 1733 319 1827; x_wconf 87' lang='lat' dir='ltr'><strong>tione,</strong></span> <span class='ocrx_word' id='word_1_75' title='bbox 344 1736 479 1831; x_wconf 86' lang='lat' dir='ltr'><strong>ingenti</strong></span> <span class='ocrx_word' id='word_1_76' title='bbox 512 1751 636 1809; x_wconf 82' lang='lat' dir='ltr'><strong>exorto</strong></span> <span class='ocrx_word' id='word_1_77' title='bbox 661 1737 818 1809; x_wconf 86' lang='lat' dir='ltr'><strong>elamore</strong></span> <span class='ocrx_word' id='word_1_78' title='bbox 851 1750 887 1809; x_wconf 88' lang='lat' dir='ltr'><strong>et</strong></span> <span class='ocrx_word' id='word_1_79' title='bbox 922 1735 1078 1807; x_wconf 87' lang='lat' dir='ltr'><strong>tumultu</strong></span> <span class='ocrx_word' id='word_1_80' title='bbox 1102 1738 1257 1828; x_wconf 84' lang='lat' dir='ltr'><strong>excitus,</strong></span> 
     </span>
     <span class='ocr_line' id='line_1_13' title="bbox 200 1850 1262 1948; baseline 0.002 -27"><span class='ocrx_word' id='word_1_81' title='bbox 200 1851 326 1923; x_wconf 88' lang='lat' dir='ltr'><strong>mortis</strong></span> <span class='ocrx_word' id='word_1_82' title='bbox 342 1852 541 1948; x_wconf 90' lang='lat' dir='ltr'><strong>periculum</strong></span> <span class='ocrx_word' id='word_1_83' title='bbox 561 1851 744 1925; x_wconf 88' lang='lat' dir='ltr'><strong>declinans</strong></span> <span class='ocrx_word' id='word_1_84' title='bbox 763 1868 799 1925; x_wconf 88' lang='lat' dir='ltr'><strong>et</strong></span> <span class='ocrx_word' id='word_1_85' title='bbox 818 1850 865 1925; x_wconf 87' lang='lat' dir='ltr'><strong>ad</strong></span> <span class='ocrx_word' id='word_1_86' title='bbox 884 1851 1079 1924; x_wconf 83' lang='lat' dir='ltr'><strong>sacristiam</strong></span> <span class='ocrx_word' id='word_1_87' title='bbox 1102 1852 1262 1925; x_wconf 87' lang='lat' dir='ltr'><strong>celeriter</strong></span> 
     </span>
     <span class='ocr_line' id='line_1_14' title="bbox 123 1967 1262 2067; baseline 0.005 -30"><span class='ocrx_word' id='word_1_88' title='bbox 123 2002 129 2011; x_wconf 91' lang='lat'><strong>·</strong></span> <span class='ocrx_word' id='word_1_89' title='bbox 199 1989 407 2061; x_wconf 82' lang='lat' dir='ltr'><strong>accurrens,</strong></span> <span class='ocrx_word' id='word_1_90' title='bbox 438 1971 474 2040; x_wconf 89' lang='lat' dir='ltr'><strong>in</strong></span> <span class='ocrx_word' id='word_1_91' title='bbox 499 1993 578 2042; x_wconf 87' lang='lat' dir='ltr'><strong>eam</strong></span> <span class='ocrx_word' id='word_1_92' title='bbox 603 1993 640 2040; x_wconf 89' lang='lat' dir='ltr'><strong>se</strong></span> <span class='ocrx_word' id='word_1_93' title='bbox 662 1971 815 2067; x_wconf 88' lang='lat' dir='ltr'><strong>recepit,</strong></span> <span class='ocrx_word' id='word_1_94' title='bbox 848 1983 906 2061; x_wconf 85' lang='lat' dir='ltr'><strong>et,</strong></span> <span class='ocrx_word' id='word_1_95' title='bbox 935 1967 1107 2041; x_wconf 88' lang='lat' dir='ltr'><strong>obseratis</strong></span> <span class='ocrx_word' id='word_1_96' title='bbox 1126 1968 1262 2043; x_wconf 85' lang='lat' dir='ltr'><strong>loribus</strong></span> 
     </span>
     <span class='ocr_line' id='line_1_15' title="bbox 200 2076 1260 2183; baseline 0.005 -31"><span class='ocrx_word' id='word_1_97' title='bbox 200 2082 384 2179; x_wconf 80' lang='lat' dir='ltr'><strong>ejusdem,</strong></span> <span class='ocrx_word' id='word_1_98' title='bbox 413 2084 484 2156; x_wconf 95' lang='lat' dir='ltr'><strong>illic</strong></span> <span class='ocrx_word' id='word_1_99' title='bbox 512 2076 728 2183; x_wconf 74' lang='lat' dir='ltr'><strong>praesidium</strong></span> <span class='ocrx_word' id='word_1_100' title='bbox 743 2084 959 2156; x_wconf 77' lang='lat' dir='ltr'><strong>defensionis</strong></span> <span class='ocrx_word' id='word_1_101' title='bbox 985 2084 1121 2156; x_wconf 82' lang='lat' dir='ltr'><strong>invenit</strong></span> <span class='ocrx_word' id='word_1_102' title='bbox 1136 2089 1162 2176; x_wconf 87' lang='lat'><strong>¹,</strong></span> <span class='ocrx_word' id='word_1_103' title='bbox 1192 2085 1260 2157; x_wconf 85' lang='lat' dir='ltr'><strong>levi</strong></span> 
     </span>
     <span class='ocr_line' id='line_1_16' title="bbox 199 2199 1258 2307; baseline 0.005 -39"><span class='ocrx_word' id='word_1_104' title='bbox 199 2211 320 2270; x_wconf 82' lang='lat' dir='ltr'><strong>tamen</strong></span> <span class='ocrx_word' id='word_1_105' title='bbox 343 2201 506 2307; x_wconf 60' lang='lat' dir='ltr'><strong>perprius</strong></span> <span class='ocrx_word' id='word_1_106' title='bbox 527 2215 675 2298; x_wconf 89' lang='lat' dir='ltr'><strong>accepto</strong></span> <span class='ocrx_word' id='word_1_107' title='bbox 701 2200 846 2271; x_wconf 89' lang='lat' dir='ltr'><strong>vulnere</strong></span> <span class='ocrx_word' id='word_1_108' title='bbox 867 2224 888 2272; x_wconf 89' lang='lat' dir='ltr'><strong>a</strong></span> <span class='ocrx_word' id='word_1_109' title='bbox 912 2199 1089 2295; x_wconf 85' lang='lat' dir='ltr'><strong>sacrilegis</strong></span> <span class='ocrx_word' id='word_1_110' title='bbox 1105 2200 1258 2291; x_wconf 85' lang='lat' dir='ltr'><strong>sicariis,</strong></span> 
     </span>
     <span class='ocr_line' id='line_1_17' title="bbox 199 2314 843 2413; baseline -0.003 -27"><span class='ocrx_word' id='word_1_111' title='bbox 199 2314 262 2410; x_wconf 87' lang='lat' dir='ltr'><strong>qui</strong></span> <span class='ocrx_word' id='word_1_112' title='bbox 278 2314 349 2387; x_wconf 91' lang='lat' dir='ltr'><strong>illic</strong></span> <span class='ocrx_word' id='word_1_113' title='bbox 365 2340 440 2388; x_wconf 86' lang='lat' dir='ltr'><strong>sese</strong></span> <span class='ocrx_word' id='word_1_114' title='bbox 455 2316 618 2388; x_wconf 86' lang='lat' dir='ltr'><strong>occulere</strong></span> <span class='ocrx_word' id='word_1_115' title='bbox 634 2315 843 2413; x_wconf 89' lang='lat' dir='ltr'><strong>potuissent.</strong></span> 
     </span>
    </p>

    <p class='ocr_par' dir='ltr' id='par_1_3' title="bbox 195 2429 1263 3437">
     <span class='ocr_line' id='line_1_18' title="bbox 250 2429 1261 2527; baseline 0.002 -26"><span class='ocrx_word' id='word_1_116' title='bbox 250 2434 341 2503; x_wconf 92' lang='lat' dir='ltr'><strong>Cum</strong></span> <span class='ocrx_word' id='word_1_117' title='bbox 365 2445 484 2504; x_wconf 87' lang='lat' dir='ltr'><strong>autem</strong></span> <span class='ocrx_word' id='word_1_118' title='bbox 514 2430 621 2527; x_wconf 89' lang='lat' dir='ltr'><strong>hujus</strong></span> <span class='ocrx_word' id='word_1_119' title='bbox 647 2445 721 2503; x_wconf 86' lang='lat' dir='ltr'><strong>tam</strong></span> <span class='ocrx_word' id='word_1_120' title='bbox 742 2429 886 2502; x_wconf 76' lang='lat' dir='ltr'><strong>nefandi</strong></span> <span class='ocrx_word' id='word_1_121' title='bbox 910 2443 946 2500; x_wconf 88' lang='lat' dir='ltr'><strong>et</strong></span> <span class='ocrx_word' id='word_1_122' title='bbox 962 2429 1100 2501; x_wconf 85' lang='lat' dir='ltr'><strong>cunctis</strong></span> <span class='ocrx_word' id='word_1_123' title='bbox 1122 2429 1261 2503; x_wconf 86' lang='lat' dir='ltr'><strong>abomi-</strong></span> 
     </span>
     <span class='ocr_line' id='line_1_19' title="bbox 200 2545 1259 2650; baseline 0 -32"><span class='ocrx_word' id='word_1_124' title='bbox 200 2547 311 2618; x_wconf 89' lang='lat' dir='ltr'><strong>nandi</strong></span> <span class='ocrx_word' id='word_1_125' title='bbox 329 2549 470 2650; x_wconf 76' lang='lat' dir='ltr'><strong>sceleris</strong></span> <span class='ocrx_word' id='word_1_126' title='bbox 488 2547 581 2620; x_wconf 88' lang='lat' dir='ltr'><strong>fama</strong></span> <span class='ocrx_word' id='word_1_127' title='bbox 603 2546 699 2618; x_wconf 92' lang='lat' dir='ltr'><strong>illico</strong></span> <span class='ocrx_word' id='word_1_128' title='bbox 714 2559 826 2617; x_wconf 86' lang='lat' dir='ltr'><strong>totam</strong></span> <span class='ocrx_word' id='word_1_129' title='bbox 844 2545 1040 2643; x_wconf 88' lang='lat' dir='ltr'><strong>implesset¹</strong></span> <span class='ocrx_word' id='word_1_130' title='bbox 1062 2545 1259 2641; x_wconf 85' lang='lat' dir='ltr'><strong>civitatem,</strong></span> 
     </span>
     <span class='ocr_line' id='line_1_20' title="bbox 195 2660 1258 2767; baseline -0.001 -30"><span class='ocrx_word' id='word_1_131' title='bbox 195 2687 395 2767; x_wconf 12' lang='lat' dir='ltr'><strong>&#39;concursus</strong></span> <span class='ocrx_word' id='word_1_132' title='bbox 411 2665 572 2761; x_wconf 91' lang='lat' dir='ltr'><strong>undique</strong></span> <span class='ocrx_word' id='word_1_133' title='bbox 582 2664 714 2736; x_wconf 89' lang='lat' dir='ltr'><strong>civium</strong></span> <span class='ocrx_word' id='word_1_134' title='bbox 729 2678 950 2735; x_wconf 90' lang='lat' dir='ltr'><strong>armatorum</strong></span> <span class='ocrx_word' id='word_1_135' title='bbox 962 2660 1073 2733; x_wconf 82' lang='lat' dir='ltr'><strong>tactus</strong></span> <span class='ocrx_word' id='word_1_136' title='bbox 1089 2674 1152 2734; x_wconf 87' lang='lat' dir='ltr'><strong>est.</strong></span> <span class='ocrx_word' id='word_1_137' title='bbox 1171 2666 1258 2756; x_wconf 89' lang='lat' dir='ltr'><strong>Qui,</strong></span> 
     </span>
     <span class='ocr_line' id='line_1_21' title="bbox 202 2780 1262 2880; baseline 0.002 -27"><span class='ocrx_word' id='word_1_138' title='bbox 202 2806 446 2880; x_wconf 86' lang='lat' dir='ltr'><strong>quoscumque</strong></span> <span class='ocrx_word' id='word_1_139' title='bbox 471 2783 663 2880; x_wconf 88' lang='lat' dir='ltr'><strong>complices</strong></span> <span class='ocrx_word' id='word_1_140' title='bbox 695 2781 788 2853; x_wconf 92' lang='lat' dir='ltr'><strong>illius</strong></span> <span class='ocrx_word' id='word_1_141' title='bbox 813 2780 976 2855; x_wconf 79' lang='lat' dir='ltr'><strong>nelandae</strong></span> <span class='ocrx_word' id='word_1_142' title='bbox 1006 2780 1262 2877; x_wconf 86' lang='lat' dir='ltr'><strong>conjurationis</strong></span> 
     </span>
     <span class='ocr_line' id='line_1_22' title="bbox 202 2895 1261 2998; baseline 0.001 -29"><span class='ocrx_word' id='word_1_143' title='bbox 202 2896 329 2971; x_wconf 79' lang='lat' dir='ltr'><strong>obvios</strong></span> <span class='ocrx_word' id='word_1_144' title='bbox 348 2898 480 2973; x_wconf 85' lang='lat' dir='ltr'><strong>habere</strong></span> <span class='ocrx_word' id='word_1_145' title='bbox 493 2912 703 2998; x_wconf 87' lang='lat' dir='ltr'><strong>potuerunt,</strong></span> <span class='ocrx_word' id='word_1_146' title='bbox 722 2898 778 2971; x_wconf 85' lang='lat' dir='ltr'><strong>vel</strong></span> <span class='ocrx_word' id='word_1_147' title='bbox 793 2895 1035 2988; x_wconf 87' lang='lat' dir='ltr'><strong>trucidarunt,</strong></span> <span class='ocrx_word' id='word_1_148' title='bbox 1056 2896 1114 2968; x_wconf 85' lang='lat' dir='ltr'><strong>vel</strong></span> <span class='ocrx_word' id='word_1_149' title='bbox 1129 2900 1261 2970; x_wconf 86' lang='lat' dir='ltr'><strong>carceri</strong></span> 
     </span>
     <span class='ocr_line' id='line_1_23' title="bbox 201 3012 1261 3113; baseline -0.003 -27"><span class='ocrx_word' id='word_1_150' title='bbox 201 3028 237 3086; x_wconf 89' lang='lat' dir='ltr'><strong>et</strong></span> <span class='ocrx_word' id='word_1_151' title='bbox 256 3015 425 3088; x_wconf 85' lang='lat' dir='ltr'><strong>custodiae</strong></span> <span class='ocrx_word' id='word_1_152' title='bbox 442 3015 776 3113; x_wconf 72' lang='lat' dir='ltr'><strong>manciparunt...⁸</strong></span> <span class='ocrx_word' id='word_1_153' title='bbox 793 3012 912 3108; x_wconf 84' lang='lat' dir='ltr'><strong>fugam</strong></span> <span class='ocrx_word' id='word_1_154' title='bbox 937 3013 1162 3111; x_wconf 82' lang='lat' dir='ltr'><strong>arripientes,</strong></span> <span class='ocrx_word' id='word_1_155' title='bbox 1182 3013 1261 3109; x_wconf 87' lang='lat' dir='ltr'><strong>qui·</strong></span> 
     </span>
     <span class='ocr_line' id='line_1_24' title="bbox 202 3126 1261 3230; baseline 0.004 -30"><span class='ocrx_word' id='word_1_156' title='bbox 202 3127 270 3202; x_wconf 88' lang='lat' dir='ltr'><strong>bus</strong></span> <span class='ocrx_word' id='word_1_157' title='bbox 285 3129 332 3203; x_wconf 87' lang='lat' dir='ltr'><strong>ad</strong></span> <span class='ocrx_word' id='word_1_158' title='bbox 362 3131 433 3204; x_wconf 80' lang='lat' dir='ltr'><strong>tole</strong></span> <span class='ocrx_word' id='word_1_159' title='bbox 457 3130 659 3230; x_wconf 85' lang='lat' dir='ltr'><strong>praesidium</strong></span> <span class='ocrx_word' id='word_1_160' title='bbox 681 3126 780 3202; x_wconf 85' lang='lat' dir='ltr'><strong>licuit</strong></span> <span class='ocrx_word' id='word_1_161' title='bbox 792 3130 994 3229; x_wconf 86' lang='lat' dir='ltr'><strong>pervenire,</strong></span> <span class='ocrx_word' id='word_1_162' title='bbox 1023 3143 1064 3201; x_wconf 94' lang='lat' dir='ltr'><strong>ut</strong></span> <span class='ocrx_word' id='word_1_163' title='bbox 1093 3143 1261 3227; x_wconf 85' lang='lat' dir='ltr'><strong>etperse·</strong></span> 
     </span>
     <span class='ocr_line' id='line_1_25' title="bbox 203 3245 1263 3345; baseline -0.002 -25"><span class='ocrx_word' id='word_1_164' title='bbox 203 3251 390 3345; x_wconf 86' lang='lat' dir='ltr'><strong>quentium</strong></span> <span class='ocrx_word' id='word_1_165' title='bbox 418 3273 480 3321; x_wconf 90' lang='lat' dir='ltr'><strong>eos</strong></span> <span class='ocrx_word' id='word_1_166' title='bbox 507 3247 674 3322; x_wconf 85' lang='lat' dir='ltr'><strong>manibus</strong></span> <span class='ocrx_word' id='word_1_167' title='bbox 694 3247 933 3340; x_wconf 85' lang='lat' dir='ltr'><strong>elaberentur,</strong></span> <span class='ocrx_word' id='word_1_168' title='bbox 962 3247 1110 3320; x_wconf 90' lang='lat' dir='ltr'><strong>minime</strong></span> <span class='ocrx_word' id='word_1_169' title='bbox 1139 3245 1263 3345; x_wconf 83' lang='lat' dir='ltr'><strong>depre-</strong></span> 
     </span>
     <span class='ocr_line' id='line_1_26' title="bbox 202 3359 459 3437; baseline 0.008 -1"><span class='ocrx_word' id='word_1_170' title='bbox 202 3363 365 3437; x_wconf 79' lang='lat' dir='ltr'><strong>hensi...</strong></span> <span class='ocrx_word' id='word_1_171' title='bbox 455 3359 459 3367; x_wconf 72' lang='grc'><em>’</em></span> 
     </span>
    </p>
   </div>
   <div class='ocr_carea' id='block_1_3' title="bbox 205 3619 1262 4265">
    <p class='ocr_par' dir='ltr' id='par_1_4' title="bbox 205 3619 1262 3872">
     <span class='ocr_line' id='line_1_27' title="bbox 245 3619 1262 3705; baseline -0.005 -22"><span class='ocrx_word' id='word_1_172' title='bbox 245 3628 272 3684; x_wconf 88' lang='lat' dir='ltr'><strong>l.</strong></span> <span class='ocrx_word' id='word_1_173' title='bbox 296 3627 361 3684; x_wconf 89' lang='lat' dir='ltr'><strong>Une</strong></span> <span class='ocrx_word' id='word_1_174' title='bbox 378 3625 546 3704; x_wconf 83' lang='lat' dir='ltr'><strong>inscription</strong></span> <span class='ocrx_word' id='word_1_175' title='bbox 566 3623 672 3705; x_wconf 76' lang='lat' dir='ltr'><strong>gravee</strong></span> <span class='ocrx_word' id='word_1_176' title='bbox 693 3636 793 3682; x_wconf 82' lang='lat' dir='ltr'><strong>contre</strong></span> <span class='ocrx_word' id='word_1_177' title='bbox 815 3621 842 3679; x_wconf 86' lang='lat' dir='ltr'><strong>la</strong></span> <span class='ocrx_word' id='word_1_178' title='bbox 863 3633 946 3698; x_wconf 86' lang='lat' dir='ltr'><strong>porte</strong></span> <span class='ocrx_word' id='word_1_179' title='bbox 966 3619 1003 3679; x_wconf 92' lang='lat' dir='ltr'><strong>de</strong></span> <span class='ocrx_word' id='word_1_180' title='bbox 1021 3621 1048 3679; x_wconf 81' lang='lat' dir='ltr'><strong>la</strong></span> <span class='ocrx_word' id='word_1_181' title='bbox 1069 3620 1197 3681; x_wconf 86' lang='lat' dir='ltr'><strong>sacristie</strong></span> <span class='ocrx_word' id='word_1_182' title='bbox 1212 3619 1262 3697; x_wconf 91' lang='lat' dir='ltr'><strong>qui</strong></span> 
     </span>
     <span class='ocr_line' id='line_1_28' title="bbox 206 3710 1262 3796; baseline -0.007 -21"><span class='ocrx_word' id='word_1_183' title='bbox 206 3731 247 3775; x_wconf 80' lang='lat' dir='ltr'><strong>est</strong></span> <span class='ocrx_word' id='word_1_184' title='bbox 264 3717 401 3788; x_wconf 78' lang='lat' dir='ltr'><strong>adroite,</strong></span> <span class='ocrx_word' id='word_1_185' title='bbox 416 3738 483 3776; x_wconf 89' lang='lat' dir='ltr'><strong>sous</strong></span> <span class='ocrx_word' id='word_1_186' title='bbox 497 3719 525 3777; x_wconf 79' lang='lat' dir='ltr'><strong>la</strong></span> <span class='ocrx_word' id='word_1_187' title='bbox 538 3718 660 3796; x_wconf 91' lang='lat' dir='ltr'><strong>coupole</strong></span> <span class='ocrx_word' id='word_1_188' title='bbox 673 3716 709 3775; x_wconf 89' lang='lat' dir='ltr'><strong>de</strong></span> <span class='ocrx_word' id='word_1_189' title='bbox 726 3712 928 3775; x_wconf 87' lang='lat' dir='ltr'><strong>sainte-Marie</strong></span> <span class='ocrx_word' id='word_1_190' title='bbox 945 3710 993 3770; x_wconf 88' lang='lat' dir='ltr'><strong>del</strong></span> <span class='ocrx_word' id='word_1_191' title='bbox 1011 3713 1108 3788; x_wconf 79' lang='lat' dir='ltr'><strong>Fiore,</strong></span> <span class='ocrx_word' id='word_1_192' title='bbox 1124 3713 1262 3790; x_wconf 72' lang='lat' dir='ltr'><strong>perpetue</strong></span> 
     </span>
     <span class='ocr_line' id='line_1_29' title="bbox 205 3811 688 3872; baseline -0.002 -2"><span class='ocrx_word' id='word_1_193' title='bbox 205 3811 232 3869; x_wconf 80' lang='lat' dir='ltr'><strong>la</strong></span> <span class='ocrx_word' id='word_1_194' title='bbox 245 3812 383 3871; x_wconf 75' lang='lat' dir='ltr'><strong>memoire</strong></span> <span class='ocrx_word' id='word_1_195' title='bbox 397 3813 433 3872; x_wconf 92' lang='lat' dir='ltr'><strong>de</strong></span> <span class='ocrx_word' id='word_1_196' title='bbox 447 3825 493 3871; x_wconf 92' lang='lat' dir='ltr'><strong>cet</strong></span> <span class='ocrx_word' id='word_1_197' title='bbox 507 3813 688 3872; x_wconf 71' lang='lat' dir='ltr'><strong>erenement.</strong></span> 
     </span>
    </p>

    <p class='ocr_par' dir='ltr' id='par_1_5' title="bbox 244 3907 638 3984">
     <span class='ocr_line' id='line_1_30' title="bbox 244 3907 638 3984; baseline 0.005 -22"><span class='ocrx_word' id='word_1_198' title='bbox 244 3909 273 3964; x_wconf 77' lang='lat'><strong>2.</strong></span> <span class='ocrx_word' id='word_1_199' title='bbox 296 3914 447 3984; x_wconf 83' lang='lat' dir='ltr'><strong>Impresset</strong></span> <span class='ocrx_word' id='word_1_200' title='bbox 459 3907 531 3966; x_wconf 88' lang='lat' dir='ltr'><strong>dans</strong></span> <span class='ocrx_word' id='word_1_201' title='bbox 544 3907 571 3965; x_wconf 92' lang='lat' dir='ltr'><strong>le</strong></span> <span class='ocrx_word' id='word_1_202' title='bbox 585 3926 638 3965; x_wconf 84' lang='lat' dir='ltr'><strong>ms.</strong></span> 
     </span>
    </p>

    <p class='ocr_par' dir='ltr' id='par_1_6' title="bbox 207 3992 1261 4265">
     <span class='ocr_line' id='line_1_31' title="bbox 246 3992 1261 4079; baseline -0.008 -19"><span class='ocrx_word' id='word_1_203' title='bbox 246 4006 274 4063; x_wconf 86' lang='grc'><strong>3.</strong></span> <span class='ocrx_word' id='word_1_204' title='bbox 296 4007 360 4063; x_wconf 87' lang='lat' dir='ltr'><strong>Une</strong></span> <span class='ocrx_word' id='word_1_205' title='bbox 377 4003 572 4062; x_wconf 85' lang='lat' dir='ltr'><strong>circonstance</strong></span> <span class='ocrx_word' id='word_1_206' title='bbox 591 4002 764 4079; x_wconf 85' lang='lat' dir='ltr'><strong>importante</strong></span> <span class='ocrx_word' id='word_1_207' title='bbox 782 3998 822 4055; x_wconf 94' lang='lat' dir='ltr'><strong>du</strong></span> <span class='ocrx_word' id='word_1_208' title='bbox 841 3997 913 4056; x_wconf 75' lang='lat' dir='ltr'><strong>tecit</strong></span> <span class='ocrx_word' id='word_1_209' title='bbox 932 4015 950 4055; x_wconf 86' lang='lat' dir='ltr'><strong>a</strong></span> <span class='ocrx_word' id='word_1_210' title='bbox 969 3997 1014 4053; x_wconf 77' lang='lat' dir='ltr'><strong>ete</strong></span> <span class='ocrx_word' id='word_1_211' title='bbox 1036 3993 1125 4054; x_wconf 87' lang='lat' dir='ltr'><strong>omise</strong></span> <span class='ocrx_word' id='word_1_212' title='bbox 1145 3992 1217 4052; x_wconf 85' lang='lat' dir='ltr'><strong>dans</strong></span> <span class='ocrx_word' id='word_1_213' title='bbox 1234 3994 1261 4052; x_wconf 77' lang='lat' dir='ltr'><strong>la</strong></span> 
     </span>
     <span class='ocr_line' id='line_1_32' title="bbox 207 4089 1261 4176; baseline -0.011 -16"><span class='ocrx_word' id='word_1_214' title='bbox 207 4098 406 4176; x_wconf 81' lang='lat' dir='ltr'><strong>transcription</strong></span> <span class='ocrx_word' id='word_1_215' title='bbox 419 4097 458 4155; x_wconf 91' lang='lat' dir='ltr'><strong>du</strong></span> <span class='ocrx_word' id='word_1_216' title='bbox 472 4115 541 4168; x_wconf 67' lang='lat' dir='ltr'><strong>ms„</strong></span> <span class='ocrx_word' id='word_1_217' title='bbox 555 4109 584 4154; x_wconf 88' lang='lat' dir='ltr'><strong>et</strong></span> <span class='ocrx_word' id='word_1_218' title='bbox 597 4094 670 4154; x_wconf 88' lang='lat' dir='ltr'><strong>rend</strong></span> <span class='ocrx_word' id='word_1_219' title='bbox 682 4093 875 4171; x_wconf 78' lang='lat' dir='ltr'><strong>insignifiante</strong></span> <span class='ocrx_word' id='word_1_220' title='bbox 890 4091 918 4148; x_wconf 82' lang='lat' dir='ltr'><strong>la</strong></span> <span class='ocrx_word' id='word_1_221' title='bbox 930 4089 1035 4168; x_wconf 72' lang='lat' dir='ltr'><strong>phrase</strong></span> <span class='ocrx_word' id='word_1_222' title='bbox 1046 4089 1194 4159; x_wconf 79' lang='lat' dir='ltr'><strong>suivante,</strong></span> <span class='ocrx_word' id='word_1_223' title='bbox 1212 4089 1261 4166; x_wconf 87' lang='lat' dir='ltr'><strong>qui</strong></span> 
     </span>
     <span class='ocr_line' id='line_1_33' title="bbox 209 4187 781 4265; baseline -0.01 -15"><span class='ocrx_word' id='word_1_224' title='bbox 209 4205 249 4250; x_wconf 84' lang='lat' dir='ltr'><strong>est</strong></span> <span class='ocrx_word' id='word_1_225' title='bbox 262 4192 405 4251; x_wconf 85' lang='lat' dir='ltr'><strong>d’aillenrs</strong></span> <span class='ocrx_word' id='word_1_226' title='bbox 418 4191 581 4249; x_wconf 77' lang='lat' dir='ltr'><strong>elle-meme</strong></span> <span class='ocrx_word' id='word_1_227' title='bbox 600 4187 781 4265; x_wconf 74' lang='lat' dir='ltr'><strong>incomplete.</strong></span> 
     </span>
    </p>
   </div>
   <div class='ocr_carea' id='block_1_4' title="bbox 0 0 1482 5070">
    <p class='ocr_par' dir='ltr' id='par_1_7' title="bbox 0 0 1482 5070">
     <span class='ocr_line' id='line_1_34' title="bbox 0 0 1482 5070; baseline 0 0"><span class='ocrx_word' id='word_1_228' title='bbox 0 0 1482 5070; x_wconf 95' lang='lat' dir='ltr'><strong> </strong></span> 
     </span>
    </p>
   </div>
  </div>
 </body>
</html>
