2946 5070
535 486 646 545 urna
665 489 816 548 snst.
1153 495 1210 551 att

203 621 333 690 Verum
348 643 486 690 cumea
500 642 594 690 nova
607 598 767 717 tyrannis
779 619 976 717 insignibus
990 623 1058 695 illis
1070 624 1211 722 oppidis

149 749 185 807 et
204 734 335 807 accolis
358 733 554 807 Brabantiae
577 748 614 805 et
630 735 818 808 comitatus
843 738 1091 810 Namurcensis
1110 739 1213 817 inno·

148 850 283 940 tuisset,
295 850 529 946 intelligentes
540 851 660 924 statim
675 852 771 923 exitii
788 853 909 951 patriae
922 877 992 927 suae
1005 853 1212 953 impendere

148 967 364 1057 discrimen,
396 968 462 1040 nisi
488 969 673 1066 protinus,
704 969 804 1066 quod
832 969 967 1044 eisdem
1002 971 1212 1045 imminebat

148 1083 377 1173 incendium,
414 1097 607 1180 antequam
633 1085 786 1182 majores
813 1102 969 1160 sumeret
1006 1089 1126 1179 vires,
1155 1090 1211 1163 vel

147 1201 342 1299 praevenire
369 1200 426 1274 vel
447 1200 624 1275 suffocare
645 1216 829 1292 curarent,
853 1205 972 1300 statim
994 1228 1078 1277 cum
1095 1204 1212 1277 valida

147 1341 259 1390 manu
277 1317 315 1390 in
329 1343 433 1416 agros
458 1317 671 1392 Leodieuses
687 1319 871 1409 exierunt,
889 1334 926 1392 et
946 1321 983 1391 in
1006 1321 1212 1420 primisop

146 1431 274 1531 pidum
302 1435 347 1506 de
380 1434 539 1522 Husselt,
569 1433 837 1532 Brabantigenis
861 1450 897 1508 et
924 1437 1106 1534 potissime
1128 1442 1212 1510 Bur·

147 1548 390 1644 gundionibus
413 1549 515 1624 valde
540 1548 732 1639 infestum,
757 1550 820 1621 ubi
837 1574 860 1624 a
875 1565 1028 1649 tyranno
1044 1554 1119 1650 Jam
1135 1554 1211 1626 col·

146 1664 264 1737 locata
288 1665 467 1764 praesidia¹
489 1664 705 1754 ferebantur,
733 1665 874 1756 adorti,
901 1667 1017 1765 ipsum
1042 1669 1212 1743 violentia

146 1799 388 1881 expugnatum
407 1785 627 1882 irrumpunt,
648 1797 684 1855 et
699 1783 795 1856 caesis
813 1807 856 1856 es
875 1797 976 1882 parte
993 1807 1124 1881 magna
1140 1784 1211 1857 loci

145 1897 285 1971 civibus
298 1915 334 1971 et
348 1899 480 1973 accolis
491 1900 511 1990 ,'
524 1898 727 1988 bonorum,
746 1922 824 1996 quae
841 1899 912 1972 illic
929 1898 1037 1971 etiam
1058 1900 1210 1971 inveniri

145 2014 395 2112 exportarique
424 2026 641 2113 potuerunt,
680 2011 771 2084 facta
798 2012 1019 2112 direptione,
1058 2013 1211 2086 flammis

145 2127 338 2201 voracibus
356 2130 393 2200 in
414 2128 549 2201 favillas
569 2143 604 2199 et
621 2128 758 2199 cineres
772 2128 996 2201 tradiderunt
1011 2144 1117 2225 atque
1133 2129 1210 2201 reli·

145 2247 332 2342 querunt¹.
1143 2316 1145 2321 ,

115 2418 149 2471 „X
194 2361 322 2433 Statim
336 2361 443 2434 etiam
456 2358 631 2459 oppidum
643 2358 973 2431 Sancti-Trudouis⁸
988 2357 1208 2432 deditionem

144 2489 181 2548 et
197 2477 301 2574 plura
313 2478 383 2550 alia
398 2477 532 2575 oppida
550 2474 728 2568 feceruut;
750 2500 828 2573 quae
850 2475 939 2546 tristi
963 2478 1128 2576 exemplo
1152 2503 1209 2549 ex·

144 2591 231 2664 cidii
245 2593 291 2665 de
309 2592 451 2664 Harselt
474 2591 642 2664 deterrita
661 2607 697 2663 et
720 2591 902 2663 collocatis
918 2591 955 2661 in
973 2587 1024 2662 eis
1039 2592 1208 2690 praesidiis

145 2706 295 2778 minime
315 2732 401 2780 ausa
418 2721 501 2779 sunt
518 2705 712 2778 confidere.
730 2703 914 2803 Oppidum
927 2693 1036 2777 etiain
1054 2705 1175 2777 Bibere
1182 2710 1204 2796 ⁸,

145 2818 210 2892 ubi
236 2837 331 2910 erat,
357 2836 399 2893 ut
419 2820 609 2909 ferebatur,
640 2818 843 2918 praesidium
862 2818 1001 2889 circiter
1027 2833 1208 2891 sexcento-

146 2961 227 3008 rum
244 2939 480 3024 Clivensium,
508 2959 599 3032 quos
624 2937 661 3007 in
687 2934 857 3007 auxilium
879 2933 1023 3030 tyranni
1049 2934 1207 3029 sacrilegi

146 3052 218 3127 dux
247 3054 419 3136 Clirensis
441 3052 653 3141 destinarat,
682 3052 717 3122 vi
748 3065 1009 3149 expugnatum,
1037 3048 1207 3121 incendio

145 3168 270 3243 datum
288 3184 361 3258 est,
380 3169 477 3242 caesis
497 3194 517 3242 e
534 3165 756 3240 Cliveusibus
773 3180 810 3238 et
830 3165 909 3238 aliis
926 3165 988 3261 qui
1009 3164 1048 3235 in
1065 3189 1109 3236 eo
1124 3164 1206 3238 loco

145 3286 280 3358 inventi
301 3298 384 3356 sunt
396 3287 468 3354 ⁸....
485 3283 709 3382 Oppidulum
725 3304 813 3353 vero
830 3280 1039 3376 Maeseyclr⁶
1052 3280 1090 3352 in
1109 3280 1207 3353 dedi·

146 3402 281 3474 tionem
296 3400 465 3498 posthoc
483 3401 602 3472 statim
615 3412 669 3472 est
685 3412 882 3496 receptum.
1200 3400 1207 3413 '

184 3571 215 3629 l.
238 3572 294 3628 tls.
310 3573 451 3626 collocatis
463 3570 618 3646 presidiis.

184 3663 214 3720 2.
239 3665 278 3720 13
292 3660 454 3741 septembre
468 3664 557 3722 1482.
606 3671 609 3674 ’

184 3756 214 3813 ³.
236 3755 408 3816 saint-Trou
422 3755 501 3814 avait
512 3755 563 3814 fait
576 3774 607 3814 sa
621 3753 791 3814 soumissiou
806 3752 857 3812 des
872 3755 900 3813 le
914 3757 932 3812 l
946 3752 1119 3833 septembre.

185 3854 216 3910 b.
238 3855 265 3910 Α
277 3850 347 3910 trois
359 3849 447 3908 licues
460 3849 497 3907 de
508 3848 685 3909 maestricht.
705 3851 747 3907 La
765 3847 841 3926 prise
855 3847 892 3905 de
906 3861 980 3906 cette
994 3849 1075 3926 place
1088 3860 1136 3905 eut
1150 3846 1207 3903 lieu

145 3941 294 4021 beaucoup
308 3942 374 4022 plus
388 3941 466 4014 tard,
482 3941 509 4000 lc
522 3945 559 3999 tt
574 3941 679 4000 sivrier
693 3943 781 4000 itta.

185 4042 214 4098 5.
237 4042 278 4095 Le
292 4035 414 4095 nombre
427 4037 477 4095 des
493 4048 597 4106 morts,
617 4035 743 4114 quoique
761 4034 893 4091 annones
912 4051 966 4111 par
979 4033 1006 4092 la
1021 4044 1159 4090 tournure
1171 4030 1206 4088 de

146 4131 172 4190 la
183 4132 305 4212 phrase,
321 4149 339 4188 a
354 4129 399 4188 ete
415 4130 497 4189 omis.

184 4232 213 4286 6.
237 4227 387 4303 Maseycl,
400 4225 570 4285 au-dessous
584 4224 620 4282 de
632 4221 805 4282 Maesuicbt.
