2946 5070
190 494 248 550 rso
434 487 722 546 ‘ursronrauun
742 475 921 548 nuoorrcr
939 489 981 546 xr

190 623 375 724 quaedam,
408 636 444 693 et
475 618 623 718 quidem
651 619 696 692 de
725 622 996 720 quamplurimis
1015 646 1133 721 pauca
1158 625 1248 697 colli·

191 756 324 841 gentes,
344 739 389 812 de
412 737 467 813 bis
493 737 686 837 praesertim
704 763 783 836 quae
799 739 837 811 in
866 738 1067 813 novissimis
1082 741 1163 812 vitm
1183 765 1250 813 sue

192 856 415 956 temporibus
428 856 513 952 egit,
528 844 625 927 velut
635 855 817 955 epilogum
831 855 1026 953 quemdam
1040 859 1251 933 texuerimus

190 980 362 1051 virtutum
380 999 537 1047 suarum.

241 1098 294 1165 De
319 1118 479 1191 personae
505 1091 653 1190 quidem
678 1091 787 1190 ipsius
813 1091 989 1188 elegantia
1010 1107 1047 1166 et
1074 1109 1253 1169 venustate

193 1235 267 1286 non
296 1234 388 1308 opus
414 1223 468 1280 est
489 1208 630 1299 dicere3
660 1207 741 1304 qui,
766 1231 850 1280 cum
878 1233 983 1299 ,crura
998 1225 1035 1281 et
1049 1209 1155 1284 tibias
1179 1234 1253 1310 per-

192 1329 299 1402 exiles
339 1327 515 1419 haberet,
558 1326 645 1399 facie
685 1339 805 1399 tamen
838 1325 928 1400 nihil
967 1329 1171 1427 speciosum
1205 1329 1254 1403 rel

193 1445 367 1518 decorum
385 1441 553 1517 habebat.
582 1442 696 1531 Quin,
718 1443 748 1514 si
771 1443 982 1534 occurrisset
1006 1443 1136 1518 obvius
1158 1445 1256 1541 iguo·

193 1563 286 1635 ranti
313 1584 415 1655 eum,
439 1560 559 1659 potius
584 1584 707 1632 scurra
730 1560 787 1632 vel
809 1559 974 1653 bibulus,
1002 1561 1056 1633 vel
1081 1561 1257 1660 quispiam

193 1679 271 1750 vilis
287 1676 522 1764 oouditionis,
549 1700 660 1772 quam
684 1699 746 1747 rex
761 1677 818 1748 vel
841 1675 954 1747 homo
979 1676 1131 1773 alicujus
1146 1677 1256 1773 digui-

193 1796 273 1868 tatis
291 1793 455 1866 aestimari
469 1794 653 1891 potuisset.
685 1790 788 1864 Unde
801 1816 823 1865 a
836 1791 1036 1886 nonnullis,
1052 1793 1257 1891 priusquam

195 1911 329 2005 obiret,
344 1912 507 2010 leprosus
522 1909 626 1983 fuisse
642 1924 795 1983 assertus
806 1924 875 1983 est.
893 1911 959 1983 Cui
972 1924 1009 1983 et
1023 1911 1258 1986 conveniebat

194 2029 295 2128 quod
320 2052 395 2102 non
415 2052 592 2127 purpura,
612 2041 651 2100 ut
677 2052 756 2118 rer,
780 2028 842 2108 ¹vel
858 2043 955 2107 veste
970 2028 1092 2126 aliqua
1107 2031 1260 2128 pretiosa

194 2160 230 2216 et
250 2144 372 2234 talari,
393 2158 435 2216 ut
452 2158 633 2240 magnates
658 2142 783 2236 decet,
811 2140 876 2217 sed
895 2141 1204 2239 vili'lrequentius
1222 2159 1260 2217 'et

194 2243 376 2332 interdum
389 2259 436 2332 ad
450 2276 549 2333 nates
560 2284 672 2358 usque
679 2259 866 2333 dumtaxat
873 2258 1104 2360 operiebatur
1115 2261 1257 2334 amictu.

196 2375 300 2448 Unde
315 2401 442 2470 unum,
462 2376 562 2475 quod
578 2392 768 2477 propterea
780 2377 818 2452 in
832 2400 915 2450 eum
931 2376 1081 2452 ridicule
1092 2378 1260 2474 jactatum

195 2507 265 2580 est,
294 2492 453 2566 retulisse
475 2493 583 2590 hujus
608 2494 659 2566 rei
681 2495 792 2591 gratia
809 2518 884 2566 uon
900 2492 1048 2592 pigebit.

247 2613 337 2681 Cum
358 2610 455 2681 euim
478 2609 594 2708 prima
614 2610 689 2682 vioe
705 2634 777 2706 qua
793 2608 1008 2709 oppidulum
1028 2608 1261 2684 Abbatisvtlloe

197 2742 278 2826 post
292 2740 480 2824 acceptum
496 2750 647 2821 reguum
663 2726 867 2820 ingressus¹,
878 2749 1009 2822 magna
1022 2737 1107 2799 cum
1121 2751 1262 2826 exspec-

199 2848 336 2945 tatione
346 2859 382 2915 et
393 2843 571 2915 desiderio
586 2842 734 2915 videndi
747 2866 884 2915 novum
899 2867 1034 2940 regem,
1047 2867 1086 2917 se
1106 2859 1182 2917 tam
1199 2870 1262 2944 op·

199 2962 294 3061 pidi,
320 2985 430 3059 quam
449 2960 750 3034 ,suburbanorum
774 2960 869 3033 cives
895 2961 932 3032 io
956 2961 1055 3035 vicos
1078 2976 1115 3035 et
1133 2962 1263 3062 plateas

200 3079 422 3170 effudissent,
434 3093 469 3148 et
483 3078 602 3175 plures
615 3077 723 3148 horas
733 3075 822 3168 diei,
835 3101 877 3148 ea
886 3079 1151 3175 exspectatione
1164 3093 1201 3150 et
1208 3078 1264 3151 de·

200 3194 329 3267 siderio
355 3196 535 3292 suspensi,
567 3195 603 3265 in
630 3192 764 3265 eisdem
787 3192 873 3264 vicis
900 3208 937 3264 et
963 3194 1089 3295 plateis
1115 3194 1264 3294 publicis

199 3312 491 3408 permansissent,
517 3310 647 3381 accidit
672 3323 730 3399 ut,
760 3333 804 3379 eo
832 3322 1036 3382 transeunte
1053 3336 1119 3410 per
1137 3311 1262 3384 subur·

202 3425 339 3498 banum
357 3427 499 3525 oppidi,
521 3426 668 3523 quidam
688 3451 771 3497 eum
788 3427 1021 3523 interrogaret
1036 3429 1187 3524 quaudo
1206 3453 1263 3500 rex

202 3544 322 3613 venire
339 3542 503 3634 deberet3
531 3543 628 3615 nulla
651 3543 765 3633 enim,
797 3568 913 3640 neque
937 3543 1042 3634 faeie,
1075 3569 1193 3641 neque
1208 3563 1264 3643 ap

201 3673 347 3756 paratu,
382 3684 498 3755 neque
526 3660 678 3731 vestium
703 3672 832 3730 ornatu
865 3660 921 3731 vel
950 3660 1162 3758 splendore,
1189 3660 1264 3760 plus

200 3800 310 3872 quam
340 3777 491 3849 famulus
515 3777 641 3872 aliquis
672 3789 708 3846 et
735 3776 912 3874 quispiam
937 3777 1016 3848 vilis
1051 3777 1264 3849 conditionis

199 3892 378 3986 dignitatis
408 3893 540 3965 indicia
570 3890 779 3964 ostentabat.
818 3893 883 3963 Cui
905 3918 988 3963 cum
1016 3919 1076 3964 rex
1104 3895 1181 3992 ipse
1213 3918 1263 3964 re·

199 4008 390 4105 sponderet
416 4009 516 4104 quod
537 4011 686 4107 ipsemet
716 4033 776 4079 rex
799 4024 906 4099 esset,
935 4011 1054 4082 statim
1086 4010 1184 4082 idem
1206 4009 1263 4107 qui

242 4246 272 4300 l.
296 4245 338 4298 En
355 4244 445 4303 rtet.
