<?xml version="1.0" encoding="UTF-8"?>
<!DOCTYPE html PUBLIC "-//W3C//DTD XHTML 1.0 Transitional//EN"
    "http://www.w3.org/TR/xhtml1/DTD/xhtml1-transitional.dtd">
<html xmlns="http://www.w3.org/1999/xhtml" xml:lang="en" lang="en">
 <head>
  <title>
</title>
<meta http-equiv="Content-Type" content="text/html;charset=utf-8" />
  <meta name='ocr-system' content='tesseract 3.04.00' />
  <meta name='ocr-capabilities' content='ocr_page ocr_carea ocr_par ocr_line ocrx_word'/>
</head>
<body>
  <div class='ocr_page' id='page_1' title='image "./histoiredesrgne00amelgoog_0378.png"; bbox 0 0 2946 5070; ppageno 0'>
   <div class='ocr_carea' id='block_1_1' title="bbox 469 467 1139 526">
    <p class='ocr_par' dir='ltr' id='par_1_1' title="bbox 469 467 1139 526">
     <span class='ocr_line' id='line_1_1' title="bbox 469 467 1139 526; baseline 0.006 -4"><span class='ocrx_word' id='word_1_1' title='bbox 469 467 580 526; x_wconf 77' lang='lat' dir='ltr'>LIBER</span> <span class='ocrx_word' id='word_1_2' title='bbox 598 467 750 524; x_wconf 83' lang='lat' dir='ltr'><strong>PRIMUS.</strong></span> <span class='ocrx_word' id='word_1_3' title='bbox 1082 468 1139 526; x_wconf 71' lang='lat'><strong>323</strong></span> 
     </span>
    </p>
   </div>
   <div class='ocr_carea' id='block_1_2' title="bbox 75 595 1145 3831">
    <p class='ocr_par' dir='ltr' id='par_1_2' title="bbox 77 595 1142 1045">
     <span class='ocr_line' id='line_1_2' title="bbox 78 595 1142 694; baseline -0.001 -25"><span class='ocrx_word' id='word_1_4' title='bbox 78 613 203 670; x_wconf 89' lang='lat' dir='ltr'><strong>contra</strong></span> <span class='ocrx_word' id='word_1_5' title='bbox 219 597 298 668; x_wconf 91' lang='lat' dir='ltr'><strong>illos</strong></span> <span class='ocrx_word' id='word_1_6' title='bbox 312 595 512 669; x_wconf 88' lang='lat' dir='ltr'><strong>homicidas</strong></span> <span class='ocrx_word' id='word_1_7' title='bbox 527 595 656 668; x_wconf 91' lang='lat' dir='ltr'><strong>dicitur</strong></span> <span class='ocrx_word' id='word_1_8' title='bbox 677 596 781 669; x_wconf 83' lang='lat' dir='ltr'><strong>luisse</strong></span> <span class='ocrx_word' id='word_1_9' title='bbox 800 610 1022 694; x_wconf 84' lang='lat' dir='ltr'><strong>prosecutus,</strong></span> <span class='ocrx_word' id='word_1_10' title='bbox 1042 597 1142 691; x_wconf 90' lang='lat' dir='ltr'><strong>quod</strong></span> 
     </span>
     <span class='ocr_line' id='line_1_3' title="bbox 77 710 1140 811; baseline -0.003 -25"><span class='ocrx_word' id='word_1_11' title='bbox 77 715 185 786; x_wconf 91' lang='lat' dir='ltr'><strong>etiam</strong></span> <span class='ocrx_word' id='word_1_12' title='bbox 202 714 335 785; x_wconf 87' lang='lat' dir='ltr'><strong>salvam</strong></span> <span class='ocrx_word' id='word_1_13' title='bbox 346 712 506 809; x_wconf 77' lang='lat' dir='ltr'><strong>gordiam</strong></span> <span class='ocrx_word' id='word_1_14' title='bbox 519 713 611 811; x_wconf 78' lang='lat' dir='ltr'><strong>regis</strong></span> <span class='ocrx_word' id='word_1_15' title='bbox 625 713 813 784; x_wconf 79' lang='lat' dir='ltr'><strong>violarent.</strong></span> <span class='ocrx_word' id='word_1_16' title='bbox 829 715 916 799; x_wconf 82' lang='lat' dir='ltr'><strong>Quae</strong></span> <span class='ocrx_word' id='word_1_17' title='bbox 929 710 1140 809; x_wconf 82' lang='lat' dir='ltr'><strong>qualemac·</strong></span> 
     </span>
     <span class='ocr_line' id='line_1_4' title="bbox 77 827 1142 930; baseline -0.004 -27"><span class='ocrx_word' id='word_1_18' title='bbox 77 831 210 930; x_wconf 85' lang='lat' dir='ltr'>ceperit</span> <span class='ocrx_word' id='word_1_19' title='bbox 230 831 376 924; x_wconf 86' lang='lat' dir='ltr'><strong>exitum,</strong></span> <span class='ocrx_word' id='word_1_20' title='bbox 392 828 556 902; x_wconf 90' lang='lat' dir='ltr'><strong>nondum</strong></span> <span class='ocrx_word' id='word_1_21' title='bbox 574 827 680 901; x_wconf 92' lang='lat' dir='ltr'><strong>nobis</strong></span> <span class='ocrx_word' id='word_1_22' title='bbox 694 828 776 901; x_wconf 92' lang='lat' dir='ltr'><strong>satis</strong></span> <span class='ocrx_word' id='word_1_23' title='bbox 792 843 953 901; x_wconf 83' lang='lat' dir='ltr'><strong>constare</strong></span> <span class='ocrx_word' id='word_1_24' title='bbox 970 827 1142 900; x_wconf 90' lang='lat' dir='ltr'><strong>hactenus</strong></span> 
     </span>
     <span class='ocr_line' id='line_1_5' title="bbox 78 950 289 1045; baseline -0.009 -26"><span class='ocrx_word' id='word_1_25' title='bbox 78 950 205 1045; x_wconf 91' lang='lat' dir='ltr'><strong>potuit.</strong></span> <span class='ocrx_word' id='word_1_26' title='bbox 283 1026 289 1039; x_wconf 40' lang='grc' dir='ltr'><strong><em>Ι</em></strong></span> 
     </span>
    </p>

    <p class='ocr_par' dir='ltr' id='par_1_3' title="bbox 75 1054 1145 2665">
     <span class='ocr_line' id='line_1_6' title="bbox 126 1054 1144 1161; baseline 0.004 -28"><span class='ocrx_word' id='word_1_27' title='bbox 126 1063 282 1135; x_wconf 87' lang='lat' dir='ltr'>Stolidus</span> <span class='ocrx_word' id='word_1_28' title='bbox 301 1077 421 1136; x_wconf 91' lang='lat' dir='ltr'><strong>autem</strong></span> <span class='ocrx_word' id='word_1_29' title='bbox 439 1054 603 1161; x_wconf 78' lang='lat' dir='ltr'><strong>praelatus</strong></span> <span class='ocrx_word' id='word_1_30' title='bbox 623 1059 809 1153; x_wconf 73' lang='lat' dir='ltr'><strong>sacerdos,</strong></span> <span class='ocrx_word' id='word_1_31' title='bbox 834 1086 959 1158; x_wconf 90' lang='lat' dir='ltr'><strong>quem,</strong></span> <span class='ocrx_word' id='word_1_32' title='bbox 979 1077 1144 1161; x_wconf 84' lang='lat' dir='ltr'><strong>utsupra</strong></span> 
     </span>
     <span class='ocr_line' id='line_1_7' title="bbox 78 1178 1140 1276; baseline 0.003 -28"><span class='ocrx_word' id='word_1_33' title='bbox 78 1178 280 1270; x_wconf 85' lang='lat' dir='ltr'><strong>retulimus,</strong></span> <span class='ocrx_word' id='word_1_34' title='bbox 301 1179 430 1276; x_wconf 90' lang='lat' dir='ltr'><strong>impius</strong></span> <span class='ocrx_word' id='word_1_35' title='bbox 452 1179 509 1251; x_wconf 94' lang='lat' dir='ltr'><strong>ille</strong></span> <span class='ocrx_word' id='word_1_36' title='bbox 526 1178 662 1250; x_wconf 84' lang='lat' dir='ltr'>satelles</span> <span class='ocrx_word' id='word_1_37' title='bbox 685 1178 818 1274; x_wconf 82' lang='lat' dir='ltr'><strong>regius,</strong></span> <span class='ocrx_word' id='word_1_38' title='bbox 838 1178 913 1275; x_wconf 87' lang='lat' dir='ltr'><strong>ejus</strong></span> <span class='ocrx_word' id='word_1_39' title='bbox 934 1202 1140 1273; x_wconf 83' lang='lat' dir='ltr'><strong>germanus,</strong></span> 
     </span>
     <span class='ocr_line' id='line_1_8' title="bbox 78 1294 1142 1394; baseline -0.002 -26"><span class='ocrx_word' id='word_1_40' title='bbox 78 1296 125 1368; x_wconf 87' lang='lat' dir='ltr'><strong>ad</strong></span> <span class='ocrx_word' id='word_1_41' title='bbox 142 1296 328 1368; x_wconf 89' lang='lat' dir='ltr'><strong>ecclesiam</strong></span> <span class='ocrx_word' id='word_1_42' title='bbox 344 1310 504 1368; x_wconf 90' lang='lat' dir='ltr'><strong>nostram</strong></span> <span class='ocrx_word' id='word_1_43' title='bbox 524 1295 638 1368; x_wconf 86' lang='lat' dir='ltr'><strong>lacere</strong></span> <span class='ocrx_word' id='word_1_44' title='bbox 655 1295 860 1394; x_wconf 87' lang='lat' dir='ltr'><strong>promoveri</strong></span> <span class='ocrx_word' id='word_1_45' title='bbox 878 1294 1088 1385; x_wconf 80' lang='lat' dir='ltr'><strong>conabatur,</strong></span> <span class='ocrx_word' id='word_1_46' title='bbox 1108 1311 1142 1366; x_wconf 88' lang='lat' dir='ltr'><strong>et</strong></span> 
     </span>
     <span class='ocr_line' id='line_1_9' title="bbox 77 1392 1142 1509; baseline 0.002 -28"><span class='ocrx_word' id='word_1_47' title='bbox 77 1410 123 1482; x_wconf 92' lang='lat' dir='ltr'><strong>de</strong></span> <span class='ocrx_word' id='word_1_48' title='bbox 135 1437 206 1508; x_wconf 90' lang='lat' dir='ltr'><strong>qua</strong></span> <span class='ocrx_word' id='word_1_49' title='bbox 218 1392 326 1482; x_wconf 82' lang='lat' dir='ltr'><strong>veluti</strong></span> <span class='ocrx_word' id='word_1_50' title='bbox 338 1436 402 1508; x_wconf 87' lang='lat' dir='ltr'><strong>per</strong></span> <span class='ocrx_word' id='word_1_51' title='bbox 416 1409 556 1483; x_wconf 88' lang='lat' dir='ltr'><strong>obitum</strong></span> <span class='ocrx_word' id='word_1_52' title='bbox 569 1426 732 1483; x_wconf 88' lang='lat' dir='ltr'><strong>nostrum</strong></span> <span class='ocrx_word' id='word_1_53' title='bbox 742 1424 890 1483; x_wconf 85' lang='lat' dir='ltr'><strong>vacante</strong></span> <span class='ocrx_word' id='word_1_54' title='bbox 901 1413 1142 1509; x_wconf 87' lang='lat' dir='ltr'>provisionem</span> 
     </span>
     <span class='ocr_line' id='line_1_10' title="bbox 78 1525 1143 1625; baseline 0.004 -29"><span class='ocrx_word' id='word_1_55' title='bbox 78 1527 116 1596; x_wconf 89' lang='lat' dir='ltr'><strong>in</strong></span> <span class='ocrx_word' id='word_1_56' title='bbox 133 1529 295 1599; x_wconf 84' lang='lat' dir='ltr'><strong>Romana</strong></span> <span class='ocrx_word' id='word_1_57' title='bbox 319 1526 418 1600; x_wconf 88' lang='lat' dir='ltr'><strong>curia</strong></span> <span class='ocrx_word' id='word_1_58' title='bbox 440 1552 477 1599; x_wconf 88' lang='lat' dir='ltr'><strong>se</strong></span> <span class='ocrx_word' id='word_1_59' title='bbox 500 1525 695 1599; x_wconf 80' lang='lat' dir='ltr'><strong>obtinuisse</strong></span> <span class='ocrx_word' id='word_1_60' title='bbox 719 1541 755 1598; x_wconf 94' lang='lat' dir='ltr'><strong>et</strong></span> <span class='ocrx_word' id='word_1_61' title='bbox 779 1527 911 1607; x_wconf 84' lang='lat' dir='ltr'><strong>litteras</strong></span> <span class='ocrx_word' id='word_1_62' title='bbox 927 1527 1143 1625; x_wconf 82' lang='lat' dir='ltr'><strong>expedivisse</strong></span> 
     </span>
     <span class='ocr_line' id='line_1_11' title="bbox 77 1638 1143 1739; baseline 0.002 -29"><span class='ocrx_word' id='word_1_63' title='bbox 77 1653 183 1736; x_wconf 89' lang='lat' dir='ltr'><strong>atque</strong></span> <span class='ocrx_word' id='word_1_64' title='bbox 202 1655 399 1739; x_wconf 83' lang='lat' dir='ltr'><strong>reportasse</strong></span> <span class='ocrx_word' id='word_1_65' title='bbox 412 1638 582 1736; x_wconf 85' lang='lat' dir='ltr'><strong>jactabat,</strong></span> <span class='ocrx_word' id='word_1_66' title='bbox 604 1638 772 1713; x_wconf 92' lang='lat' dir='ltr'><strong>omnibus</strong></span> <span class='ocrx_word' id='word_1_67' title='bbox 789 1664 916 1713; x_wconf 81' lang='lat' dir='ltr'><strong>exosus</strong></span> <span class='ocrx_word' id='word_1_68' title='bbox 932 1656 1037 1738; x_wconf 89' lang='lat' dir='ltr'><strong>atque</strong></span> <span class='ocrx_word' id='word_1_69' title='bbox 1051 1641 1143 1712; x_wconf 86' lang='lat' dir='ltr'><strong>invi·</strong></span> 
     </span>
     <span class='ocr_line' id='line_1_12' title="bbox 78 1756 1144 1855; baseline 0.002 -29"><span class='ocrx_word' id='word_1_70' title='bbox 78 1782 149 1845; x_wconf 92' lang='lat' dir='ltr'><strong>sus,</strong></span> <span class='ocrx_word' id='word_1_71' title='bbox 168 1757 205 1827; x_wconf 93' lang='lat' dir='ltr'><strong>in</strong></span> <span class='ocrx_word' id='word_1_72' title='bbox 223 1757 351 1829; x_wconf 90' lang='lat' dir='ltr'><strong>misera</strong></span> <span class='ocrx_word' id='word_1_73' title='bbox 364 1756 527 1829; x_wconf 88' lang='lat' dir='ltr'><strong>victitans</strong></span> <span class='ocrx_word' id='word_1_74' title='bbox 544 1770 764 1855; x_wconf 87' lang='lat' dir='ltr'><strong>paupertate,</strong></span> <span class='ocrx_word' id='word_1_75' title='bbox 780 1757 920 1829; x_wconf 75' lang='lat' dir='ltr'><strong>&#39;cunctis</strong></span> <span class='ocrx_word' id='word_1_76' title='bbox 936 1757 1089 1828; x_wconf 88' lang='lat' dir='ltr'><strong>irrisioni</strong></span> <span class='ocrx_word' id='word_1_77' title='bbox 1109 1771 1144 1828; x_wconf 91' lang='lat' dir='ltr'><strong>et</strong></span> 
     </span>
     <span class='ocr_line' id='line_1_13' title="bbox 76 1855 1142 1972; baseline 0.002 -30"><span class='ocrx_word' id='word_1_78' title='bbox 76 1870 235 1944; x_wconf 91' lang='lat' dir='ltr'><strong>ludibrio</strong></span> <span class='ocrx_word' id='word_1_79' title='bbox 252 1887 365 1972; x_wconf 92' lang='lat' dir='ltr'><strong>patet,</strong></span> <span class='ocrx_word' id='word_1_80' title='bbox 385 1871 544 1968; x_wconf 89' lang='lat' dir='ltr'><strong>quotidie</strong></span> <span class='ocrx_word' id='word_1_81' title='bbox 561 1855 889 1944; x_wconf 84' lang='lat' dir='ltr'><strong>excommunicatus</strong></span> <span class='ocrx_word' id='word_1_82' title='bbox 906 1887 978 1944; x_wconf 91' lang='lat' dir='ltr'><strong>tam</strong></span> <span class='ocrx_word' id='word_1_83' title='bbox 995 1898 1061 1970; x_wconf 92' lang='lat' dir='ltr'><strong>pro</strong></span> <span class='ocrx_word' id='word_1_84' title='bbox 1075 1897 1142 1944; x_wconf 90' lang='lat' dir='ltr'><strong>aere</strong></span> 
     </span>
     <span class='ocr_line' id='line_1_14' title="bbox 77 1986 1143 2089; baseline 0.001 -30"><span class='ocrx_word' id='word_1_85' title='bbox 77 1987 208 2078; x_wconf 88' lang='lat' dir='ltr'><strong>alieuo,</strong></span> <span class='ocrx_word' id='word_1_86' title='bbox 226 1987 325 2086; x_wconf 90' lang='lat' dir='ltr'><strong>quod</strong></span> <span class='ocrx_word' id='word_1_87' title='bbox 340 1988 421 2060; x_wconf 83' lang='lat' dir='ltr'><strong>lecit</strong></span> <span class='ocrx_word' id='word_1_88' title='bbox 436 1988 475 2059; x_wconf 92' lang='lat' dir='ltr'><strong>in</strong></span> <span class='ocrx_word' id='word_1_89' title='bbox 491 2011 555 2060; x_wconf 86' lang='lat' dir='ltr'><strong>sua</strong></span> <span class='ocrx_word' id='word_1_90' title='bbox 568 1986 701 2089; x_wconf 85' lang='lat' dir='ltr'><strong>stolida¹</strong></span> <span class='ocrx_word' id='word_1_91' title='bbox 711 1987 865 2061; x_wconf 86' lang='lat' dir='ltr'><strong>ecclesiae</strong></span> <span class='ocrx_word' id='word_1_92' title='bbox 880 2004 1007 2061; x_wconf 73' lang='lat' dir='ltr'><strong>nostrae</strong></span> <span class='ocrx_word' id='word_1_93' title='bbox 1024 2013 1143 2086; x_wconf 91' lang='lat' dir='ltr'><strong>prose-</strong></span> 
     </span>
     <span class='ocr_line' id='line_1_15' title="bbox 76 2102 1145 2203; baseline 0.003 -30"><span class='ocrx_word' id='word_1_94' title='bbox 76 2104 234 2195; x_wconf 87' lang='lat' dir='ltr'><strong>cutione,</strong></span> <span class='ocrx_word' id='word_1_95' title='bbox 253 2128 362 2201; x_wconf 91' lang='lat' dir='ltr'><strong>quam</strong></span> <span class='ocrx_word' id='word_1_96' title='bbox 385 2129 452 2202; x_wconf 94' lang='lat' dir='ltr'><strong>pro</strong></span> <span class='ocrx_word' id='word_1_97' title='bbox 468 2105 539 2175; x_wconf 93' lang='lat' dir='ltr'><strong>suis</strong></span> <span class='ocrx_word' id='word_1_98' title='bbox 552 2102 762 2176; x_wconf 88' lang='lat' dir='ltr'><strong>criminibus</strong></span> <span class='ocrx_word' id='word_1_99' title='bbox 775 2117 811 2176; x_wconf 90' lang='lat' dir='ltr'><strong>et</strong></span> <span class='ocrx_word' id='word_1_100' title='bbox 826 2104 904 2177; x_wconf 81' lang='lat' dir='ltr'><strong>vitae</strong></span> <span class='ocrx_word' id='word_1_101' title='bbox 920 2129 1029 2203; x_wconf 87' lang='lat' dir='ltr'><strong>quam</strong></span> <span class='ocrx_word' id='word_1_102' title='bbox 1047 2103 1145 2176; x_wconf 90' lang='lat' dir='ltr'><strong>ducit</strong></span> 
     </span>
     <span class='ocr_line' id='line_1_16' title="bbox 77 2199 1144 2318; baseline 0 -28"><span class='ocrx_word' id='word_1_103' title='bbox 77 2220 296 2318; x_wconf 87' lang='lat' dir='ltr'><strong>turpitudine</strong></span> <span class='ocrx_word' id='word_1_104' title='bbox 312 2235 349 2291; x_wconf 91' lang='lat' dir='ltr'><strong>et</strong></span> <span class='ocrx_word' id='word_1_105' title='bbox 364 2218 550 2292; x_wconf 83' lang='lat' dir='ltr'><strong>foeditate¹.</strong></span> <span class='ocrx_word' id='word_1_106' title='bbox 570 2221 628 2290; x_wconf 91' lang='lat' dir='ltr'><strong>Sic</strong></span> <span class='ocrx_word' id='word_1_107' title='bbox 648 2199 747 2316; x_wconf 92' lang='lat' dir='ltr'><strong>quod</strong></span> <span class='ocrx_word' id='word_1_108' title='bbox 765 2203 847 2291; x_wconf 87' lang='lat' dir='ltr'><strong>satis</strong></span> <span class='ocrx_word' id='word_1_109' title='bbox 863 2221 899 2291; x_wconf 93' lang='lat' dir='ltr'><strong>in</strong></span> <span class='ocrx_word' id='word_1_110' title='bbox 920 2203 1015 2291; x_wconf 89' lang='lat' dir='ltr'><strong>dicta</strong></span> <span class='ocrx_word' id='word_1_111' title='bbox 1033 2219 1144 2316; x_wconf 91' lang='lat' dir='ltr'><strong>impia</strong></span> 
     </span>
     <span class='ocr_line' id='line_1_17' title="bbox 76 2335 1141 2439; baseline -0.002 -32"><span class='ocrx_word' id='word_1_112' title='bbox 76 2350 112 2407; x_wconf 94' lang='lat' dir='ltr'><strong>et</strong></span> <span class='ocrx_word' id='word_1_113' title='bbox 128 2336 251 2433; x_wconf 90' lang='lat' dir='ltr'><strong>iniqua</strong></span> <span class='ocrx_word' id='word_1_114' title='bbox 271 2335 415 2427; x_wconf 74' lang='lat' dir='ltr'><strong>santilia,</strong></span> <span class='ocrx_word' id='word_1_115' title='bbox 435 2360 502 2434; x_wconf 97' lang='lat' dir='ltr'><strong>pro</strong></span> <span class='ocrx_word' id='word_1_116' title='bbox 518 2359 662 2407; x_wconf 86' lang='lat' dir='ltr'><strong>suarum</strong></span> <span class='ocrx_word' id='word_1_117' title='bbox 683 2336 905 2439; x_wconf 74' lang='lat' dir='ltr'><strong>impietatum</strong></span> <span class='ocrx_word' id='word_1_118' title='bbox 922 2337 1068 2425; x_wconf 91' lang='lat' dir='ltr'><strong>meritis,</strong></span> <span class='ocrx_word' id='word_1_119' title='bbox 1087 2335 1141 2407; x_wconf 91' lang='lat' dir='ltr'><strong>di·</strong></span> 
     </span>
     <span class='ocr_line' id='line_1_18' title="bbox 75 2431 1143 2549; baseline 0 -27"><span class='ocrx_word' id='word_1_120' title='bbox 75 2452 318 2547; x_wconf 71' lang='lat' dir='ltr'><strong>virraejustitiae</strong></span> <span class='ocrx_word' id='word_1_121' title='bbox 330 2460 478 2523; x_wconf 76' lang='lat' dir='ltr'><strong>censura</strong></span> <span class='ocrx_word' id='word_1_122' title='bbox 492 2476 541 2539; x_wconf 88' lang='lat' dir='ltr'><strong>se,</strong></span> <span class='ocrx_word' id='word_1_123' title='bbox 560 2431 686 2549; x_wconf 74' lang='lat' dir='ltr'><strong>p&#39;roc&#39;ul</strong></span> <span class='ocrx_word' id='word_1_124' title='bbox 703 2432 829 2543; x_wconf 83' lang='lat' dir='ltr'><strong>dubio,</strong></span> <span class='ocrx_word' id='word_1_125' title='bbox 843 2451 962 2548; x_wconf 90' lang='lat' dir='ltr'><strong>palam</strong></span> <span class='ocrx_word' id='word_1_126' title='bbox 974 2450 1143 2524; x_wconf 90' lang='lat' dir='ltr'><strong>omnibus</strong></span> 
     </span>
     <span class='ocr_line' id='line_1_19' title="bbox 77 2568 1024 2665; baseline -0.005 -24"><span class='ocrx_word' id='word_1_127' title='bbox 77 2569 210 2641; x_wconf 90' lang='lat' dir='ltr'><strong>indicat</strong></span> <span class='ocrx_word' id='word_1_128' title='bbox 226 2584 331 2665; x_wconf 90' lang='lat' dir='ltr'><strong>atque</strong></span> <span class='ocrx_word' id='word_1_129' title='bbox 351 2568 561 2641; x_wconf 79' lang='lat' dir='ltr'><strong>manifestat.</strong></span> <span class='ocrx_word' id='word_1_130' title='bbox 1020 2654 1024 2660; x_wconf 20' lang='grc' dir='ltr'>Ι</span> 
     </span>
    </p>

    <p class='ocr_par' dir='ltr' id='par_1_4' title="bbox 76 2683 1143 3831">
     <span class='ocr_line' id='line_1_20' title="bbox 125 2683 1143 2781; baseline -0.002 -25"><span class='ocrx_word' id='word_1_131' title='bbox 125 2684 195 2756; x_wconf 88' lang='lat' dir='ltr'><strong>Sed</strong></span> <span class='ocrx_word' id='word_1_132' title='bbox 215 2700 269 2774; x_wconf 90' lang='lat' dir='ltr'><strong>et,</strong></span> <span class='ocrx_word' id='word_1_133' title='bbox 297 2684 604 2780; x_wconf 87' lang='lat' dir='ltr'><strong>quemadmodum</strong></span> <span class='ocrx_word' id='word_1_134' title='bbox 628 2706 735 2781; x_wconf 87' lang='lat' dir='ltr'><strong>supra</strong></span> <span class='ocrx_word' id='word_1_135' title='bbox 747 2684 1024 2781; x_wconf 81' lang='lat' dir='ltr'><strong>perstrinximus</strong></span> <span class='ocrx_word' id='word_1_136' title='bbox 1032 2685 1055 2773; x_wconf 86' lang='lat'><strong>¹,</strong></span> <span class='ocrx_word' id='word_1_137' title='bbox 1085 2683 1143 2754; x_wconf 93' lang='lat' dir='ltr'><strong>ille</strong></span> 
     </span>
     <span class='ocr_line' id='line_1_21' title="bbox 78 2795 1142 2895; baseline -0.003 -24"><span class='ocrx_word' id='word_1_138' title='bbox 78 2824 269 2895; x_wconf 86' lang='lat' dir='ltr'><strong>generosus</strong></span> <span class='ocrx_word' id='word_1_139' title='bbox 291 2798 437 2871; x_wconf 90' lang='lat' dir='ltr'><strong>cadetus</strong></span> <span class='ocrx_word' id='word_1_140' title='bbox 460 2797 621 2887; x_wconf 84' lang='lat' dir='ltr'><strong>Dalbret,</strong></span> <span class='ocrx_word' id='word_1_141' title='bbox 647 2798 691 2867; x_wconf 91' lang='lat' dir='ltr'><strong>de</strong></span> <span class='ocrx_word' id='word_1_142' title='bbox 710 2796 931 2868; x_wconf 75' lang='lat' dir='ltr'><strong>nobilissima</strong></span> <span class='ocrx_word' id='word_1_143' title='bbox 947 2795 1059 2868; x_wconf 88' lang='lat' dir='ltr'><strong>domo</strong></span> <span class='ocrx_word' id='word_1_144' title='bbox 1080 2812 1142 2868; x_wconf 82' lang='lat' dir='ltr'><strong>oo·</strong></span> 
     </span>
     <span class='ocr_line' id='line_1_22' title="bbox 78 2912 1142 3012; baseline -0.003 -25"><span class='ocrx_word' id='word_1_145' title='bbox 78 2917 205 2988; x_wconf 89' lang='lat' dir='ltr'><strong>mitum</strong></span> <span class='ocrx_word' id='word_1_146' title='bbox 228 2912 379 2986; x_wconf 80' lang='lat' dir='ltr'><strong>Dalbret</strong></span> <span class='ocrx_word' id='word_1_147' title='bbox 400 2913 492 2998; x_wconf 79' lang='lat' dir='ltr'><strong>silius</strong></span> <span class='ocrx_word' id='word_1_148' title='bbox 511 2928 551 3001; x_wconf 35' lang='lat' dir='ltr'><strong>,et</strong></span> <span class='ocrx_word' id='word_1_149' title='bbox 574 2912 684 2983; x_wconf 83' lang='lat' dir='ltr'><strong>baeres</strong></span> <span class='ocrx_word' id='word_1_150' title='bbox 707 2937 749 2983; x_wconf 85' lang='lat' dir='ltr'><strong>ex</strong></span> <span class='ocrx_word' id='word_1_151' title='bbox 773 2927 892 3012; x_wconf 87' lang='lat' dir='ltr'><strong>parte,</strong></span> <span class='ocrx_word' id='word_1_152' title='bbox 922 2912 984 3007; x_wconf 91' lang='lat' dir='ltr'><strong>qui</strong></span> <span class='ocrx_word' id='word_1_153' title='bbox 1006 2912 1142 3009; x_wconf 90' lang='lat' dir='ltr'><strong>primus</strong></span> 
     </span>
     <span class='ocr_line' id='line_1_23' title="bbox 78 3027 1143 3128; baseline -0.001 -26"><span class='ocrx_word' id='word_1_154' title='bbox 78 3032 178 3103; x_wconf 92' lang='lat' dir='ltr'><strong>dono</strong></span> <span class='ocrx_word' id='word_1_155' title='bbox 205 3032 322 3128; x_wconf 84' lang='lat' dir='ltr'><strong>regio,</strong></span> <span class='ocrx_word' id='word_1_156' title='bbox 350 3055 441 3104; x_wconf 90' lang='lat' dir='ltr'><strong>ausu</strong></span> <span class='ocrx_word' id='word_1_157' title='bbox 469 3027 605 3101; x_wconf 79' lang='lat' dir='ltr'><strong>nefario</strong></span> <span class='ocrx_word' id='word_1_158' title='bbox 630 3043 666 3103; x_wconf 89' lang='lat' dir='ltr'><strong>et</strong></span> <span class='ocrx_word' id='word_1_159' title='bbox 690 3029 860 3125; x_wconf 83' lang='lat' dir='ltr'><strong>sacrilego</strong></span> <span class='ocrx_word' id='word_1_160' title='bbox 885 3027 1143 3128; x_wconf 87' lang='lat' dir='ltr'><strong>temporalibus</strong></span> 
     </span>
     <span class='ocr_line' id='line_1_24' title="bbox 77 3147 1143 3247; baseline -0.003 -25"><span class='ocrx_word' id='word_1_161' title='bbox 77 3151 232 3222; x_wconf 71' lang='lat' dir='ltr'><strong>ecclesiae</strong></span> <span class='ocrx_word' id='word_1_162' title='bbox 244 3164 371 3223; x_wconf 85' lang='lat' dir='ltr'><strong>nostrae</strong></span> <span class='ocrx_word' id='word_1_163' title='bbox 384 3148 517 3247; x_wconf 87' lang='lat' dir='ltr'><strong>potitus</strong></span> <span class='ocrx_word' id='word_1_164' title='bbox 533 3147 658 3240; x_wconf 87' lang='lat' dir='ltr'><strong>fuerat,</strong></span> <span class='ocrx_word' id='word_1_165' title='bbox 679 3171 791 3245; x_wconf 89' lang='lat' dir='ltr'><strong>eaque</strong></span> <span class='ocrx_word' id='word_1_166' title='bbox 805 3148 842 3219; x_wconf 92' lang='lat' dir='ltr'><strong>in</strong></span> <span class='ocrx_word' id='word_1_167' title='bbox 858 3166 942 3218; x_wconf 85' lang='lat' dir='ltr'><strong>suos</strong></span> <span class='ocrx_word' id='word_1_168' title='bbox 957 3163 1143 3219; x_wconf 89' lang='lat' dir='ltr'><strong>converte-</strong></span> 
     </span>
     <span class='ocr_line' id='line_1_25' title="bbox 77 3244 1141 3366; baseline 0 -29"><span class='ocrx_word' id='word_1_169' title='bbox 77 3282 131 3341; x_wconf 88' lang='lat' dir='ltr'><strong>rat</strong></span> <span class='ocrx_word' id='word_1_170' title='bbox 145 3267 314 3366; x_wconf 90' lang='lat' dir='ltr'><strong>prosanos</strong></span> <span class='ocrx_word' id='word_1_171' title='bbox 328 3292 422 3352; x_wconf 90' lang='lat' dir='ltr'><strong>usus,</strong></span> <span class='ocrx_word' id='word_1_172' title='bbox 440 3264 547 3336; x_wconf 89' lang='lat' dir='ltr'><strong>etiam</strong></span> <span class='ocrx_word' id='word_1_173' title='bbox 559 3262 688 3365; x_wconf 68' lang='lat' dir='ltr'><strong>divina</strong></span> <span class='ocrx_word' id='word_1_174' title='bbox 700 3244 844 3336; x_wconf 88' lang='lat' dir='ltr'><strong>ultiobis</strong></span> <span class='ocrx_word' id='word_1_175' title='bbox 859 3244 1054 3335; x_wconf 86' lang='lat' dir='ltr'><strong>vindictam</strong></span> <span class='ocrx_word' id='word_1_176' title='bbox 1066 3291 1141 3337; x_wconf 91' lang='lat' dir='ltr'><strong>non</strong></span> 
     </span>
     <span class='ocr_line' id='line_1_26' title="bbox 76 3378 1142 3480; baseline -0.001 -25"><span class='ocrx_word' id='word_1_177' title='bbox 76 3383 211 3478; x_wconf 78' lang='lat' dir='ltr'><strong>effugit.</strong></span> <span class='ocrx_word' id='word_1_178' title='bbox 234 3387 323 3454; x_wconf 87' lang='lat' dir='ltr'><strong>Nam</strong></span> <span class='ocrx_word' id='word_1_179' title='bbox 346 3381 454 3480; x_wconf 91' lang='lat' dir='ltr'><strong>paulo</strong></span> <span class='ocrx_word' id='word_1_180' title='bbox 472 3394 553 3478; x_wconf 91' lang='lat' dir='ltr'><strong>post</strong></span> <span class='ocrx_word' id='word_1_181' title='bbox 568 3378 819 3479; x_wconf 86' lang='lat' dir='ltr'><strong>praedictorum</strong></span> <span class='ocrx_word' id='word_1_182' title='bbox 837 3404 958 3470; x_wconf 90' lang='lat' dir='ltr'><strong>neces,</strong></span> <span class='ocrx_word' id='word_1_183' title='bbox 984 3404 1072 3478; x_wconf 88' lang='lat' dir='ltr'><strong>quas</strong></span> <span class='ocrx_word' id='word_1_184' title='bbox 1087 3407 1142 3455; x_wconf 91' lang='lat' dir='ltr'><strong>re·</strong></span> 
     </span>
     <span class='ocr_line' id='line_1_27' title="bbox 78 3496 1141 3595; baseline 0.001 -25"><span class='ocrx_word' id='word_1_185' title='bbox 78 3499 234 3586; x_wconf 91' lang='lat' dir='ltr'><strong>tulimus,</strong></span> <span class='ocrx_word' id='word_1_186' title='bbox 254 3498 360 3570; x_wconf 90' lang='lat' dir='ltr'><strong>etiam</strong></span> <span class='ocrx_word' id='word_1_187' title='bbox 382 3498 469 3595; x_wconf 91' lang='lat' dir='ltr'><strong>ipse,</strong></span> <span class='ocrx_word' id='word_1_188' title='bbox 490 3521 573 3568; x_wconf 88' lang='lat' dir='ltr'><strong>cum</strong></span> <span class='ocrx_word' id='word_1_189' title='bbox 594 3498 630 3567; x_wconf 93' lang='lat' dir='ltr'><strong>in</strong></span> <span class='ocrx_word' id='word_1_190' title='bbox 649 3496 842 3594; x_wconf 90' lang='lat' dir='ltr'><strong>quamdam</strong></span> <span class='ocrx_word' id='word_1_191' title='bbox 857 3520 940 3595; x_wconf 82' lang='lat' dir='ltr'><strong>erga</strong></span> <span class='ocrx_word' id='word_1_192' title='bbox 960 3521 1079 3594; x_wconf 84' lang='lat' dir='ltr'><strong>regem</strong></span> <span class='ocrx_word' id='word_1_193' title='bbox 1095 3496 1141 3571; x_wconf 91' lang='lat' dir='ltr'><strong>de</strong></span> 
     </span>
     <span class='ocr_line' id='line_1_28' title="bbox 78 3612 1141 3715; baseline -0.001 -28"><span class='ocrx_word' id='word_1_194' title='bbox 78 3615 281 3715; x_wconf 78' lang='lat' dir='ltr'><strong>proditione</strong></span> <span class='ocrx_word' id='word_1_195' title='bbox 297 3638 339 3685; x_wconf 90' lang='lat' dir='ltr'><strong>ac</strong></span> <span class='ocrx_word' id='word_1_196' title='bbox 359 3612 509 3711; x_wconf 90' lang='lat' dir='ltr'><strong>perfidia</strong></span> <span class='ocrx_word' id='word_1_197' title='bbox 526 3612 764 3711; x_wconf 82' lang='lat' dir='ltr'><strong>suspicionem</strong></span> <span class='ocrx_word' id='word_1_198' title='bbox 781 3613 996 3704; x_wconf 87' lang='lat' dir='ltr'><strong>incurrisset,</strong></span> <span class='ocrx_word' id='word_1_199' title='bbox 1016 3639 1037 3686; x_wconf 90' lang='lat' dir='ltr'><strong>a</strong></span> <span class='ocrx_word' id='word_1_200' title='bbox 1059 3640 1141 3712; x_wconf 83' lang='lat' dir='ltr'><strong>rege</strong></span> 
     </span>
     <span class='ocr_line' id='line_1_29' title="bbox 78 3726 1141 3831; baseline -0.004 -25"><span class='ocrx_word' id='word_1_201' title='bbox 78 3734 191 3831; x_wconf 89' lang='lat' dir='ltr'><strong>capite</strong></span> <span class='ocrx_word' id='word_1_202' title='bbox 218 3731 352 3830; x_wconf 69' lang='lat' dir='ltr'><strong>plexus,</strong></span> <span class='ocrx_word' id='word_1_203' title='bbox 370 3727 668 3824; x_wconf 86' lang='lat' dir='ltr'><strong>membratimque</strong></span> <span class='ocrx_word' id='word_1_204' title='bbox 695 3727 869 3822; x_wconf 90' lang='lat' dir='ltr'><strong>laniatus,</strong></span> <span class='ocrx_word' id='word_1_205' title='bbox 902 3726 1141 3802; x_wconf 88' lang='lat' dir='ltr'><strong>miserabilem</strong></span> 
     </span>
    </p>
   </div>
   <div class='ocr_carea' id='block_1_3' title="bbox 78 3926 1142 4298">
    <p class='ocr_par' dir='ltr' id='par_1_5' title="bbox 78 3926 1142 4207">
     <span class='ocr_line' id='line_1_30' title="bbox 120 3926 1142 4017; baseline 0.008 -22"><span class='ocrx_word' id='word_1_206' title='bbox 120 3941 148 3996; x_wconf 85' lang='lat' dir='ltr'><strong>t.</strong></span> <span class='ocrx_word' id='word_1_207' title='bbox 170 3936 195 3996; x_wconf 89' lang='lat' dir='ltr'><strong>ll</strong></span> <span class='ocrx_word' id='word_1_208' title='bbox 206 3935 274 3995; x_wconf 74' lang='lat' dir='ltr'><strong>etait</strong></span> <span class='ocrx_word' id='word_1_209' title='bbox 287 3949 363 3995; x_wconf 88' lang='lat' dir='ltr'><strong>mort</strong></span> <span class='ocrx_word' id='word_1_210' title='bbox 376 3934 492 4012; x_wconf 85' lang='lat' dir='ltr'><strong>lorsque</strong></span> <span class='ocrx_word' id='word_1_211' title='bbox 508 3930 673 3995; x_wconf 84' lang='lat' dir='ltr'><strong>Guillanme</strong></span> <span class='ocrx_word' id='word_1_212' title='bbox 686 3935 779 4009; x_wconf 76' lang='lat' dir='ltr'><strong>Reda,</strong></span> <span class='ocrx_word' id='word_1_213' title='bbox 789 3937 840 4014; x_wconf 89' lang='lat' dir='ltr'><strong>qui</strong></span> <span class='ocrx_word' id='word_1_214' title='bbox 851 3957 887 3997; x_wconf 91' lang='lat' dir='ltr'><strong>en</strong></span> <span class='ocrx_word' id='word_1_215' title='bbox 899 3938 980 4017; x_wconf 83' lang='lat' dir='ltr'><strong>parle</strong></span> <span class='ocrx_word' id='word_1_216' title='bbox 989 3956 1025 3997; x_wconf 89' lang='lat' dir='ltr'><strong>en</strong></span> <span class='ocrx_word' id='word_1_217' title='bbox 1035 3926 1142 4003; x_wconf 72' lang='lat' dir='ltr'><strong>uult·</strong></span> 
     </span>
     <span class='ocr_line' id='line_1_31' title="bbox 78 4026 1142 4107; baseline 0.001 -17"><span class='ocrx_word' id='word_1_218' title='bbox 78 4044 226 4103; x_wconf 85' lang='lat' dir='ltr'><strong>couverts,</strong></span> <span class='ocrx_word' id='word_1_219' title='bbox 241 4030 342 4090; x_wconf 81' lang='lat' dir='ltr'><strong>ecrivit</strong></span> <span class='ocrx_word' id='word_1_220' title='bbox 353 4049 405 4089; x_wconf 92' lang='lat' dir='ltr'><strong>son</strong></span> <span class='ocrx_word' id='word_1_221' title='bbox 419 4026 539 4087; x_wconf 88' lang='lat' dir='ltr'><strong>histoire</strong></span> <span class='ocrx_word' id='word_1_222' title='bbox 552 4027 603 4087; x_wconf 84' lang='lat' dir='ltr'><strong>des</strong></span> <span class='ocrx_word' id='word_1_223' title='bbox 617 4028 743 4107; x_wconf 73' lang='lat' dir='ltr'><strong>‹ireques</strong></span> <span class='ocrx_word' id='word_1_224' title='bbox 759 4030 919 4093; x_wconf 86' lang='lat' dir='ltr'><strong>d’Utrecht.</strong></span> <span class='ocrx_word' id='word_1_225' title='bbox 936 4031 1004 4091; x_wconf 85' lang='lat' dir='ltr'><strong>Voir</strong></span> <span class='ocrx_word' id='word_1_226' title='bbox 1017 4032 1142 4093; x_wconf 82' lang='lat' dir='ltr'><strong>l’extrait</strong></span> 
     </span>
     <span class='ocr_line' id='line_1_32' title="bbox 78 4120 739 4207; baseline -0.005 -24"><span class='ocrx_word' id='word_1_227' title='bbox 78 4125 214 4205; x_wconf 78' lang='lat' dir='ltr'><strong>rapporte</strong></span> <span class='ocrx_word' id='word_1_228' title='bbox 226 4124 318 4207; x_wconf 77' lang='lat' dir='ltr'><strong>parmi</strong></span> <span class='ocrx_word' id='word_1_229' title='bbox 332 4122 373 4183; x_wconf 76' lang='lat' dir='ltr'><strong>les</strong></span> <span class='ocrx_word' id='word_1_230' title='bbox 387 4123 482 4204; x_wconf 74' lang='lat' dir='ltr'><strong>pieees</strong></span> <span class='ocrx_word' id='word_1_231' title='bbox 495 4120 535 4181; x_wconf 89' lang='lat' dir='ltr'><strong>du</strong></span> <span class='ocrx_word' id='word_1_232' title='bbox 548 4125 599 4181; x_wconf 81' lang='lat' dir='ltr'><strong>tv·</strong></span> <span class='ocrx_word' id='word_1_233' title='bbox 613 4121 739 4182; x_wconf 90' lang='lat' dir='ltr'><strong>volume.</strong></span> 
     </span>
    </p>

    <p class='ocr_par' dir='ltr' id='par_1_6' title="bbox 119 4218 460 4298">
     <span class='ocr_line' id='line_1_33' title="bbox 119 4218 460 4298; baseline 0.006 -23"><span class='ocrx_word' id='word_1_234' title='bbox 119 4222 149 4279; x_wconf 74' lang='grc'><strong>2.</strong></span> <span class='ocrx_word' id='word_1_235' title='bbox 171 4218 329 4290; x_wconf 71' lang='lat' dir='ltr'><strong>(li-dessus,</strong></span> <span class='ocrx_word' id='word_1_236' title='bbox 344 4239 374 4298; x_wconf 92' lang='lat' dir='ltr'><strong>p.</strong></span> <span class='ocrx_word' id='word_1_237' title='bbox 390 4220 460 4277; x_wconf 76' lang='lat'><strong>281.</strong></span> 
     </span>
    </p>
   </div>
   <div class='ocr_carea' id='block_1_4' title="bbox 0 0 1479 5070">
    <p class='ocr_par' dir='ltr' id='par_1_7' title="bbox 0 0 1479 5070">
     <span class='ocr_line' id='line_1_34' title="bbox 0 0 1479 5070; baseline 0 0"><span class='ocrx_word' id='word_1_238' title='bbox 0 0 1479 5070; x_wconf 95' lang='lat' dir='ltr'><strong> </strong></span> 
     </span>
    </p>
   </div>
  </div>
 </body>
</html>
