2946 5070
532 504 642 559 LIBER
673 503 823 559 SEXTUS.
1155 507 1212 561 tot

147 631 259 731 ipsius
291 659 425 709 nomen
455 633 699 708 obedientiam
732 649 839 731 atque
872 631 981 706 fidem
1012 635 1211 731 jurassent,

146 772 366 847 magnopere
386 751 508 824 conati
532 765 615 823 sunt
637 751 771 824 clerum
799 749 968 843 civitatis,
995 764 1034 822 ut
1055 750 1215 825 similiter

146 863 255 935 etiarn
281 863 427 956 laceret,
454 890 551 938 nunc
575 865 718 939 blandis
742 864 990 953 sermonibus,
1017 891 1114 940 nunc
1139 892 1215 963 gra·

145 979 298 1052 vissimis
314 982 656 1056 comminationibus
671 983 853 1056 inducere.
870 979 941 1053 Sed
958 1007 1042 1054 cum
1052 983 1119 1055 viri
1136 1010 1213 1079 gra·

146 1120 206 1170 ves
220 1120 262 1169 ac
278 1098 436 1171 timorati
453 1100 613 1197 quinque
624 1099 872 1190 ecclesiarum,
888 1097 1000 1170 divini
1014 1114 1050 1171 et
1065 1096 1213 1172 humani

141 1211 233 1308 juris
250 1213 375 1309 periti,
396 1213 447 1284 eis
465 1213 602 1310 liquido
626 1212 882 1303 ostendissent,
904 1213 1009 1284 salvis
1027 1215 1212 1286 conscien-

145 1327 225 1419 tiis,
244 1342 392 1427 propter
412 1329 548 1424 jurium
572 1330 854 1429 prohibitiones,
880 1329 1017 1425 magnis
1037 1343 1072 1401 et
1091 1328 1213 1401 lormi-

145 1443 329 1517 dabilibus
345 1447 461 1543 poenis
485 1437 653 1537 sancitas,
673 1472 710 1519 se
734 1445 770 1517 id
790 1446 937 1517 minime
957 1445 1070 1518 lacere
1090 1470 1211 1543 posse,

144 1559 316 1651 tandem,
336 1561 499 1655 quamvis
524 1586 546 1633 a
563 1559 905 1636 comminationibus
922 1585 998 1634 non
1013 1575 1211 1651 cessantes,

145 1676 372 1773 aliquantum
388 1677 568 1772 quierunt.
589 1672 594 1684 ’
1036 1681 1040 1688 ’

194 1797 391 1867 Tentanmt
415 1809 449 1866 et
479 1793 589 1867 iidem
619 1794 687 1892 ipsi
712 1809 859 1891 perante
882 1792 929 1865 ab
956 1792 1085 1867 eodem
1118 1795 1214 1868 clero

145 1923 376 2007 extorquere,
393 1924 433 1981 ut
447 1911 484 1983 in
498 1907 717 2008 quibusdam
731 1910 832 1981 vanis
849 1924 884 1980 et
899 1910 1031 1982 frivolis
1048 1910 1214 1984 crimina-

147 2025 291 2096 tionum
309 2023 490 2123 capitulis,
511 2048 600 2119 quas
616 2022 786 2096 adversus
810 2048 914 2097 suum
938 2023 1146 2124 pontificem
1168 2025 1214 2097 ad

145 2143 223 2239 ejus
240 2143 502 2242 depositionem
523 2167 560 2215 se
582 2143 749 2241 prosequi
769 2141 998 2238 jactitabant,
1019 2144 1069 2215 eis
1086 2142 1215 2215 vellent

146 2255 349 2351 adhaerere3
375 2258 614 2355 eumdemque
644 2258 800 2350 clerum,
820 2258 853 2328 vi
882 2272 918 2330 et
941 2272 1039 2331 metu
1065 2282 1139 2362 non
1158 2259 1213 2329 in·

142 2374 241 2470 justo
266 2387 328 2446 aut
356 2399 452 2448 vano
476 2373 645 2448 adhibitis
660 2377 688 2468 ¹,
710 2373 757 2447 ad
779 2373 974 2471 quamdam
1001 2372 1215 2448 adhaesionis

147 2488 359 2584 formulam,
381 2516 455 2564 non
472 2505 592 2565 tamen
609 2491 723 2591 qualis
745 2491 792 2564 ab
814 2492 864 2563 eis
881 2490 1134 2590 expetebatur,
1152 2492 1213 2564 sed

147 2605 254 2703 longe
269 2607 483 2700 civiliorem,
503 2606 711 2704 adegerunt.
733 2611 867 2681 Verum
883 2633 985 2696 curn,
1003 2631 1068 2704 per
1092 2609 1215 2679 omnia

147 2735 343 2796 scrutantes
358 2723 560 2819 iniquitates
577 2725 614 2797 in
631 2749 697 2796 suo
710 2722 899 2822 pontifice,
923 2721 1083 2794 viderent
1100 2748 1137 2793 se
1151 2723 1214 2794 de-

148 2835 254 2911 licere
270 2839 458 2928 scrutinio,
474 2854 510 2910 et
522 2863 597 2911 sese
611 2839 765 2911 irrisioni
777 2841 897 2939 potius
913 2836 1065 2910 ubilibet
1078 2851 1212 2935 patere,

147 2955 237 3028 nihil
253 2956 299 3029 de
316 2957 499 3054 conceptis
518 2954 840 3047 criminationibus,
859 2955 916 3028 vel
934 2953 1053 3027 verbis
1076 2955 1215 3027 conser-

147 3073 207 3165 tis,
227 3075 402 3146 intentare
419 3074 476 3146 vel
501 3074 668 3171 prosequi
695 3073 770 3145 ausi
798 3073 906 3145 suere.
928 3069 1101 3144 Viderunt
1118 3074 1213 3147 enirn

147 3188 233 3261 tales
260 3190 519 3263 concinnantes
540 3190 645 3262 dolos
673 3215 729 3282 se,
760 3189 889 3262 talibus
916 3190 1058 3261 innixos
1082 3188 1215 3262 dolosis

146 3306 359 3380 commentis
375 3305 551 3402 variisque
567 3304 763 3403 figmentis,
785 3307 903 3377 omnis
919 3303 1023 3376 solidi
1046 3328 1088 3376 ac
1106 3305 1214 3378 validi

147 3420 372 3494 fundamenti
403 3419 569 3493 firmitate
593 3420 757 3513 destiuri,
786 3446 853 3492 nec
879 3419 964 3493 inde
986 3419 1083 3493 eliud
1110 3445 1214 3518 posse

148 3538 216 3612 nisi
241 3537 384 3610 labores
411 3549 447 3607 et
477 3561 650 3635 expensas
679 3537 820 3611 inutiles
844 3551 950 3635 atque
979 3536 1214 3633 ignominiam

147 3671 341 3755 reportare.
361 3659 512 3754 Propter
525 3654 625 3751 quod
639 3653 686 3727 ab
703 3655 800 3728 hisce
818 3655 890 3726 suis
906 3653 1042 3726 frivolis
1060 3653 1215 3727 molitio·

147 3772 254 3847 nibus
269 3772 535 3864 abstentamnt,
555 3771 602 3845 ad
617 3786 758 3871 tempus
775 3770 943 3870 quidem3
964 3779 1088 3869 postea
1102 3770 1211 3864 enim,

148 3889 356 3986 interposita
368 3912 434 3987 per
444 3911 506 3961 eos
517 3886 675 3986 quadam
686 3888 944 3988 appellatione,
958 3886 1005 3959 de
1016 3910 1088 3982 qua
1105 3885 1213 3984 paulo

148 4017 230 4100 post
245 4004 399 4077 locuturi
425 4028 566 4094 sumus,
589 4028 732 4079 causam
759 4028 830 4079 suae
856 4002 1106 4102 appellationis
1121 4001 1212 4073 duo-

192 4159 220 4214 l.
243 4161 292 4216 Sic
304 4162 404 4217 ms.'et
417 4157 518 4216 blatth.
534 4157 557 4216 ll
571 4157 631 4217 lant
645 4158 780 4236 suppleer
796 4158 922 4236 quelque
935 4154 1022 4214 chose
1040 4155 1124 4233 apres
1137 4173 1212 4229 non,

149 4268 264 4311 comme
272 4271 376 4327 parum
390 4271 429 4310 ou
442 4253 591 4321 modenam.
