2946 5070
200 465 257 526 358
617 460 825 529 stomata,

199 597 329 673 talibus
344 597 540 685 honorum,
567 593 781 691 dignitatum
800 609 864 665 aut
886 594 1129 693 imperiorum
1148 593 1273 668 culmi·

198 715 304 790 nibus
318 714 445 811 dejecti
459 713 615 805 fuenmt,
635 712 689 784 vel
701 710 837 783 eisdem
847 726 976 810 sponte
991 710 1182 803 cedentes,
1199 738 1274 784 mo·

199 831 421 905 festissimam
435 827 580 924 regendi
597 827 774 899 sarcinam
790 826 973 925 deponere
989 827 1214 920 maluerim,
1232 855 1271 901 ex

200 944 330 1019 talibus
346 944 495 1036 eventis,
511 942 611 1040 quod
632 941 740 1013 tantis
758 940 929 1013 oneribus
947 956 985 1012 et
1001 943 1100 1013 curis
1116 945 1273 1042 exempti

200 1062 336 1157 forent,
353 1062 471 1134 felices
487 1085 525 1132 se
540 1085 584 1133 ac
599 1055 725 1132 beatos
746 1073 968 1158 reputarunt.
989 1059 1085 1130 Hinc
1103 1073 1158 1130 est
1174 1060 1271 1157 quod

199 1180 349 1276 legimus
365 1175 559 1275 aliquando
581 1200 681 1271 reges
696 1200 738 1248 ac
756 1176 990 1274 imperatores
1009 1174 1270 1275 pontificesque

198 1296 374 1368 maximos
405 1316 449 1366 ac
474 1293 713 1365 sanctissimos
742 1307 870 1392 sponte
899 1293 1008 1364 tantis
1037 1291 1270 1389 dignitatibus

199 1409 354 1501 cessisse,
383 1420 420 1479 et
436 1431 559 1479 amore
579 1407 643 1478 otii
666 1422 703 1478 et
720 1407 935 1480 suavissime
954 1408 1271 1506 contemplationis

200 1525 396 1598 solitariam
419 1524 529 1595 vitam
553 1523 718 1619 elegisse,
744 1547 837 1620 quo,
863 1522 1118 1620 tranquillius,
1136 1524 1272 1599 dtdcins

198 1657 305 1741 atque
326 1639 479 1738 quietius
494 1639 652 1711 Domino
670 1639 894 1730 famulantes,
916 1639 1049 1713 arctius
1066 1654 1106 1711 et
1129 1639 1272 1715 familia·

198 1758 272 1830 rius
286 1757 320 1828 ei
343 1778 407 1855 per
423 1753 651 1852 purissimum
674 1777 835 1826 amorem
856 1754 1073 1839 inhererent
1097 1769 1208 1853 atque
1229 1781 1271 1830 eo

197 1870 484 1973 quodammodo,
500 1884 676 1967 quantum
692 1869 769 1958 hec
788 1870 984 1943 mortalitas
1007 1872 1160 1970 patitur,
1185 1872 1273 1946 fure·

200 2004 343 2080 rentur,
361 1987 449 2061 alios
463 2011 562 2074 vero,
579 1987 641 2084 qui
659 1986 721 2058 vel·
732 1982 882 2058 fortune
894 1987 952 2059 vel
962 2002 1208 2085 tyrannorum
1219 1991 1272 2064 vel

198 2084 441 2203 ingruentium
458 2102 747 2203 persecutionum
763 2104 934 2177 violentia
953 2103 1001 2176 ab
1022 2106 1187 2205 imperiis
1205 2109 1273 2180 suis

201 2222 257 2294 vel
289 2221 519 2294 ecclesiarum
555 2218 924 2292 administrationibus
955 2234 993 2293 et
1020 2221 1097 2294 suis
1131 2223 1273 2295 sedibus

197 2335 291 2437 pulsi
306 2335 480 2432 ejectique
504 2333 662 2428 fuerunt,
682 2335 770 2408 tales
785 2359 888 2409 casus
908 2360 984 2407 non
1000 2336 1120 2411 modo
1139 2339 1273 2413 fortiter

199 2467 235 2526 et
248 2451 511 2550 equanimiter,
530 2476 656 2523 verum
671 2452 780 2525 etiam
797 2452 993 2550 gaudenter
1013 2467 1128 2550 atque
1150 2471 1272 2552 gratu·

199 2565 315 2637 lenter
342 2562 527 2663 pertulisse
551 2576 588 2635 et
613 2562 744 2635 talibus
773 2565 908 2637 eventis
933 2579 1043 2662 atque
1069 2566 1272 2640 infortuniis

202 2702 278 2754 sese
295 2681 403 2755 etiam
420 2693 601 2778 reputasse
620 2678 751 2752 felices.
771 2681 874 2752 Unde
889 2680 1087 2754 Antiochus
1106 2707 1268 2780 magnus,

201 2822 263 2869 rex
282 2795 381 2888 Asiae,
396 2820 479 2868 cum
492 2819 514 2867 a
528 2795 697 2869 Romanis
713 2796 797 2868 tsiae
810 2822 921 2893 regno
936 2795 1070 2893 ejectus
1081 2814 1120 2871 et
1133 2816 1268 2890 exutus,

201 2915 291 2986 ultra
314 2917 471 2985 'faurum
494 2926 656 2984 montem
679 2912 802 3010 pulsus
825 2913 957 3008 fuisset,
983 2914 1115 3010 legitur
1137 2920 1270 2991 senatui

201 3044 236 3102 et
262 3028 398 3132 populo
419 3051 571 3099 romano
591 3051 738 3123 magnas
756 3030 884 3124 gratias
902 3030 1013 3124 egisse
1036 3033 1141 3128 quod
1157 3059 1196 3106 se
1215 3037 1270 3106 nj.

201 3145 315 3217 mium
336 3144 409 3216 lata
425 3157 459 3213 et
479 3157 554 3214 tam
571 3142 721 3214 molesta
743 3145 830 3217 Asiae
852 3147 1109 3243 procuratione
1127 3149 1269 3223 liberas-

201 3272 293 3350 sent,
323 3280 366 3327 ex
390 3257 462 3329 hoc
483 3255 644 3355 profecto
667 3282 742 3329 non
761 3284 909 3358 pansam
928 3259 995 3332 sibi
1014 3265 1201 3358 quesitam
1219 3290 1270 3336 re-

201 3388 332 3474 putans
357 3372 572 3445 felicitatem.
592 3373 701 3464 Quod
718 3390 755 3448 et·
775 3376 834 3448 alii
857 3377 1089 3476 quamplures
1114 3381 1272 3454 similiter

201 3487 337 3581 fecisse,
357 3487 414 3559 vol
427 3502 468 3558 ut
482 3488 677 3587 aliquando
693 3490 836 3589 pondus
852 3494 1032 3589 regiminis
1043 3519 1175 3568 exuere
1190 3522 1270 3595 pos·

200 3618 295 3697 sent,
323 3603 550 3702 cupidissime
572 3620 679 3703 atque
702 3607 948 3681 ardentissime
972 3626 1162 3711 exoptasse
1192 3613 1272 3708 legi

200 3745 298 3810 mus,
317 3716 626 3817 quemadmodum
644 3744 815 3818 magnum
832 3722 934 3794 illum
949 3727 1147 3821 Augustum
1161 3730 1272 3798 Casa-

201 3859 296 3926 rem,
318 3836 474 3933 primum
500 3839 736 3931 Augustorum
757 3851 882 3935 atquc,
900 3826 1088 3913 communi
1108 3843 1272 3914 omnium

200 3952 473 4045 existimatione,
488 3953 741 4044 felicissimum,
761 3956 992 4029 vehementer
1001 3957 1223 4032 desiderasse
1236 3970 1273 4029 et

202 4067 341 4167 imperii
372 4070 484 4143 fasces
511 4069 693 4167 deponere
718 4093 761 4143 ac
782 4096 858 4144 rem
885 4072 1067 4171 publicam
1089 4075 1273 4147 restimere

203 4184 374 4279 cogitasse
386 4187 521 4259 Seneca
535 4173 654 4259 refert.
