2946 5070
128 448 130 452 Ι
200 498 259 558 tut
637 492 842 564 atomum,

250 631 350 728 utqui
364 629 486 727 quales
495 652 563 726 pro
578 626 683 699 nobis
694 624 741 698 ad
756 622 965 723 hujusmodi
975 622 1128 719 gratiam
1141 646 1274 693 conse·

200 746 382 845 quendam
397 746 505 825 idem
531 743 644 824 Balue
670 757 821 816 conatus
844 738 1085 839 impenderet,
1106 739 1202 811 scire
1227 740 1275 811 ad

200 876 339 936 certum
353 861 502 933 minime
515 874 733 959 poteramus.
755 854 999 931 Referentibus
1011 870 1137 955 tamen
1148 854 1276 927 multis

200 979 438 1052 intelleximus
459 978 558 1076 quod
577 977 658 1049 frete
676 992 712 1049 et
730 976 893 1048 simulate
916 975 1040 1046 omnia
1061 973 1211 1071 agebat,
1239 990 1276 1046 et

200 1097 312 1191 magis
330 1093 523 1193 proditoris
538 1117 648 1190 quam
665 1091 778 1164 fidelis
794 1090 1000 1163 mediatoris
1023 1114 1157 1171 munus
1176 1114 1276 1184 gere-

199 1209 274 1284 bat.
306 1211 414 1299 Quod
439 1212 522 1283 licet
547 1209 724 1282 affirmare
747 1223 919 1304 tanquam
948 1231 1025 1279 rem
1045 1222 1274 1304 compertam

202 1353 276 1400 non
292 1327 505 1415 audeamus,
528 1352 571 1399 ex
589 1325 752 1425 pluribus
769 1340 888 1397 tamen
917 1321 1166 1423 probabilibus
1184 1348 1275 1393 con·

199 1443 344 1540 jecturis
361 1442 449 1515 illud
465 1442 642 1539 conjicere
665 1443 865 1541 potuimus;
885 1464 972 1511 nam
987 1440 1097 1538 ipsius
1115 1463 1183 1537 pro
1205 1465 1273 1511 no·

203 1558 259 1631 bis
274 1559 572 1631 interventionem
587 1559 675 1631 nihil
689 1583 835 1658 prorsus
849 1559 965 1654 gratiae
979 1556 1177 1629 obtinuisse
1192 1582 1275 1655 per·

204 1677 385 1773 cepimus,
406 1701 473 1746 nec
492 1676 627 1771 regiam
646 1677 683 1747 in
707 1700 773 1747 nos
793 1675 969 1746 ullatenus
987 1673 1274 1770 indignationem

204 1792 374 1892 placasse.
401 1795 497 1865 Fecit
524 1795 621 1865 enim
646 1809 718 1865 tam
736 1795 811 1891 ipse
837 1817 946 1891 quam
974 1792 1145 1864 dominus
1168 1791 1217 1864 de
1238 1792 1275 1862 lo

205 1916 333 1984 Forest
343 1915 365 2000 ¹,
384 1913 446 2009 qui
464 1913 585 2009 magni
604 1912 712 1985 etiam
737 1911 809 1983 loci
834 1926 909 1982 tum
925 1910 1023 2009 apud
1040 1934 1161 2005 regem
1181 1924 1272 1998 erat,

207 2027 276 2111 tale
300 2052 539 2126 responsum:
569 2028 668 2125 quod
695 2027 861 2099 voluntas
883 2027 973 2122 regis
995 2041 1070 2098 erat
1093 2040 1136 2096 ut
1153 2026 1277 2123 Perpi·

208 2144 357 2216 nianum
381 2146 630 2234 transiremus,
654 2160 760 2242 atque
783 2145 821 2215 in
845 2144 905 2215 illa
932 2159 1038 2235 terra,
1067 2168 1146 2240 que
1174 2157 1277 2214 extra

209 2282 335 2329 omnes
351 2261 451 2353 regni
465 2260 594 2331 limites
607 2261 784 2348 consistit,
803 2258 870 2330 sibi
893 2259 1118 2330 serviremus.
1139 2262 1194 2328 De
1213 2283 1285 2356 po·

209 2372 337 2445 tiundo
363 2389 483 2446 autern
515 2373 771 2447 abolitionibus
802 2375 869 2446 illis
898 2358 963 2472 per
991 2383 1112 2470 regem
1146 2374 1273 2463 editio,

209 2490 445 2564 consulebant
455 2508 496 2564 ut
511 2493 650 2564 nullam'
662 2494 804 2591 penitus
822 2492 1018 2592 faceremus
1034 2492 1273 2562 mentionem.

210 2611 368 2679 Necesse
384 2608 488 2680 nobis
505 2609 580 2680 sore
597 2610 700 2705 regia*
726 2608 974 2706 obtemperare
994 2607 1190 2691 voluntati3
1217 2611 1275 2681 cui

210 2725 239 2796 si
249 2749 374 2823 parere
386 2727 443 2798 vel
460 2727 497 2797 in
514 2726 664 2797 minimo
679 2725 967 2814 detrectaremus,
987 2750 1048 2795 seu
1065 2725 1214 2795 rdterius
1232 2725 1278 2796 dc

210 2841 385 2939 praedictis
398 2841 654 2916 abolitionibus
666 2843 819 2913 verbum
840 2826 1053 2930 laceremus,
1075 2843 1276 2913 verendum

210 2982 257 3029 ne
274 2958 312 3028 id
328 2958 433 3030 nobis
446 2958 706 3030 irremediabile
728 2960 934 3055 importaret
949 2959 1108 3039 exitium.

260 3077 337 3143 Hoc
362 3073 426 3145 luit
447 3072 566 3170 quod,
590 3074 734 3172 praelato
761 3073 874 3144 Balue
895 3075 1008 3145 accito
1032 3099 1095 3172 per
1116 3099 1183 3144 nos
1202 3100 1276 3145 me-

212 3188 367 3280 diatore,
382 3213 405 3260 a
417 3192 508 3286 regis
521 3190 708 3267 clementia
727 3205 803 3261 tum
817 3191 999 3262 consecuti
1012 3190 1142 3261 suimus
1160 3206 1196 3262 et
1211 3216 1277 3289 per

211 3330 295 3378 eum
306 3291 523 3403 ¹responsum
541 3307 766 3404 accepimus,
794 3306 932 3402 rejectis
947 3331 1093 3404 prorsus
1109 3321 1145 3376 et
1162 3307 1278 3378 exsuf-

212 3419 304 3491 flatis
328 3419 396 3491 illis
419 3420 641 3518 generalibus
669 3421 849 3492 amnestiis
872 3436 947 3492 tam
960 3477 963 3480 .
977 3421 1183 3491 solemniter
1208 3421 1277 3492 sub

212 3535 315 3606 titulo
340 3548 375 3606 et
397 3536 434 3606 in
456 3537 530 3607 vim
558 3562 600 3632 ac
625 3535 737 3609 robur
763 3537 887 3633 regalis
912 3536 1017 3608 edicti
1043 3562 1108 3634 per
1125 3562 1277 3633 regnum

212 3650 363 3723 ubilibet
382 3650 582 3750 publicatis.
604 3657 657 3723 De
674 3651 805 3749 quibus
829 3654 858 3724 si
880 3651 979 3748 quod
1000 3653 1172 3724 veraciter
1194 3678 1278 3724 sen·

213 3770 333 3858 timus,
343 3767 478 3841 anobis
492 3769 571 3864 quis
585 3769 803 3867 poposcerit,
822 3793 897 3839 non
910 3767 1007 3840 aliud
1016 3770 1049 3839 ei
1059 3767 1279 3867 respondere.

213 3910 416 3984 possumus,
427 3886 496 3957 nisi
512 3884 611 3982 quod
628 3884 734 3957 nobis
744 3909 818 3956 non
828 3883 874 3957 ad
885 3885 994 3956 alium
1012 3883 1122 3957 smern
1135 3887 1279 3984 excogi-

252 4160 282 4217 l.
304 4157 391 4217 Louis
406 4156 443 4216 dc
456 4161 617 4227 Beaumont
635 4176 673 4215 en
692 4157 812 4230 Poit0u‚
834 4156 969 4235 seigneur
984 4155 1020 4214 de
1035 4160 1076 4214 la
1088 4157 1192 4227 Forct,
1207 4176 1281 4214 con-

213 4250 310 4311 seiller
320 4263 349 4310 et
361 4250 543 4311 chambellan
557 4249 596 4310 du
611 4249 666 4323 roi,
680 4251 759 4309 alors
772 4270 959 4328 gouvemcur
973 4249 1010 4308 de
1023 4250 1051 4308 la
1065 4249 1214 4309 Rochelle.
