2946 5070
514 485 625 542 LIBER
653 482 844 541 SEPTIMUS.
1082 518 1084 522 -
1148 481 1200 537 tot

190 616 317 690 Ablato
326 617 445 714 itaque
461 598 593 689 civitati
603 613 851 713 hujuscemodi
863 612 1072 686 suburbano
1082 627 1118 684 et
1128 627 1204 686 toto

141 760 243 834 pane
255 747 391 827 exusto,
404 735 442 805 in
452 759 526 830 quo
535 734 702 833 plurime
710 731 907 831 magnifice
920 730 1052 804 domus
1064 757 1106 805 ac
1119 755 1207 830 opu-

140 851 246 924 lenta³
264 851 416 940 fuerant,
434 851 536 947 jussit
554 850 627 922 dux
645 850 772 922 iterato
789 873 903 948 prope
927 858 1069 946 portam
1089 849 1209 921 civita·

143 969 200 1060 tis,
222 994 301 1066 quae
314 967 510 1040 aedictum
527 965 934 1055 suburbanum-suerat¹,
953 966 1123 1064 petrarias
1146 967 1209 1038 ad·

142 1085 294 1156 moveri.
326 1089 412 1172 Quae
444 1098 635 1183 postquam
667 1083 740 1155 illic
770 1083 931 1155 stabilitae
961 1083 1210 1181 instructaeque

143 1202 289 1274 fuerunt
302 1202 357 1273 his
372 1200 504 1300 quibus
521 1227 613 1300 opus
625 1216 718 1290 erat,
737 1215 772 1273 et
790 1225 854 1299 per
865 1198 957 1272 duos
975 1215 1037 1272 aut
1050 1214 1120 1272 tres
1136 1200 1211 1273 dies

143 1340 268 1390 muros
293 1318 467 1395 continuo
492 1298 687 1415 quatiendo
708 1314 881 1412 grandem
904 1339 1029 1387 eorum
1051 1310 1214 1387 iecissent

143 1437 301 1527 ruinam,
315 1448 497 1535 perquam
509 1432 714 1534 introeundi
729 1432 767 1504 in
781 1433 959 1506 civitatem
972 1456 1047 1505 non
1061 1432 1214 1506 difficilis

144 1552 264 1627 aditus
277 1567 397 1652 patere
414 1552 617 1641 videbatur,
634 1566 839 1624 metuerunt
856 1550 960 1624 saluti
978 1576 1048 1624 suae
1065 1564 1137 1625 tam
1154 1577 1214 1623 ru·

145 1667 240 1741 theri
273 1692 381 1764 quam
412 1669 526 1761 cives,
554 1683 589 1739 et
613 1668 701 1740 tanti
727 1682 872 1765 tamque
902 1667 1083 1767 praesentis
1108 1682 1216 1764 atque

144 1783 366 1875 imminentis
382 1783 534 1857 horrore
547 1784 694 1883 periculi
710 1774 949 1876 consternati,⁴
959 1808 1035 1856 sese
1050 1783 1087 1855 in
1102 1800 1231 1856 unum·

144 1917 277 1990 agmen
291 1892 510 1989 colligentes,
528 1891 764 1965 veneruntad
777 1887 966 1981 dominum
983 1892 1029 1963 de
1044 1895 1220 1990 Montsort

144 2024 184 2081 et
198 2008 372 2105 reliquos’
390 2021 574 2105 tyrannos,
589 2008 652 2104 qui
665 2033 729 2080 sua
744 2009 961 2105 nequissima
977 2004 1218 2080 obstinatione

145 2123 195 2198 ad
211 2123 283 2195 tale
298 2122 497 2222 periculum
521 2121 744 2195 adduxerant
761 2123 960 2213 civitatem,
981 2124 1218 2222 dixeruntque

144 2242 199 2314 eis
218 2240 318 2340 quod
337 2241 433 2313 illico'
457 2236 493 2312 et
504 2239 649 2337 *absque
668 2243 836 2313 ulteriore
857 2244 1178 2341 procrastinatione
1196 2267 1220 2316 a

146 2358 311 2458 principe
340 2359 574 2456 procurarent
600 2357 667 2430 sibi
695 2381 841 2455 pacem3
873 2358 1033 2456 alioquin
1061 2360 1219 2432 inconti-

148 2475 249 2547 nenti
266 2499 329 2545 eos
343 2475 557 2573 perimerent
572 2490 607 2545 et
624 2473 802 2573 supplices
817 2464 985 2547 eamdem
999 2476 1142 2574 ipsimet
1158 2501 1220 2575 pa·

146 2616 229 2664 oem
245 2605 490 2691 exposcerent.
514 2591 677 2662 Exterriti
693 2590 813 2688 itaque
834 2591 884 2662 illi
901 2616 1045 2685 omnes,
1062 2609 1216 2666 mortem

147 2702 235 2794 sibi,
261 2690 336 2775 nisi
354 2698 528 2776 voluntati
551 2703 676 2801 populi
699 2704 982 2800 acquiescerent,
1009 2717 1219 2802 praeseutem

148 2817 275 2894 adesse
287 2821 557 2894 ·cernentes³....
571 2812 697 2891 Statim
715 2842 782 2917 pro
801 2817 1016 2917 requirenda
1031 2843 1120 2918 pace
1135 2846 1217 2919 sup

149 2935 261 3035 pliees
285 2937 390 3031 certi,
416 2937 479 3034 qui
503 2935 663 3032 deputati
692 2934 837 3007 adhoc
871 2935 984 3027 fuere,
1018 2930 1219 3035 principem

149 3050 330 3125 adierunt.
461 3069 467 3078 ·
562 3068 569 3075 ‘

150 3306 252 3367 passer
265 3286 357 3366 d’ung
372 3285 496 3345 tranchis
509 3303 545 3345 en
557 3285 652 3344 eultre
669 3283 739 3355 lieu,
755 3283 799 3342 tut
814 3283 915 3343 attaint
930 3283 967 3344 de
982 3285 1060 3345 deux
1075 3305 1165 3366 coups
1182 3287 1219 3347 de

150 3379 365 3460 hacquebutte,
380 3378 462 3460 l'ung
476 3399 529 3459 par
544 3380 571 3438 le
587 3397 688 3437 mance
703 3376 740 3436 de
753 3396 806 3435 son
823 3376 926 3457 espec,
941 3378 992 3455 qui
1011 3379 1053 3438 lui
1067 3381 1174 3459 percha
1190 3382 1219 3439 le

151 3489 257 3536 ventre
271 3474 341 3534 bien
356 3473 392 3533 de
408 3468 490 3533 hault
504 3471 613 3552 jusque
631 3491 699 3533 vers
712 3471 862 3546 iacuisse,
877 3484 907 3530 et
919 3471 1035 3532 l’aultre
1050 3473 1092 3532 lui
1111 3475 1219 3553 percha

153 3570 232 3631 deux
245 3569 349 3628 oeiilets
362 3569 399 3628 de
413 3589 466 3628 son
480 3568 672 3648 pourpoinot3
688 3579 717 3625 et
729 3567 807 3626 alors
821 3566 938 3642 tomba,
956 3581 985 3627 et
997 3569 1041 3627 fut
1054 3569 1152 3628 relev'e
1167 3591 1221 3651 par

152 3665 263 3724 Anthus
277 3665 314 3723 de
328 3664 466 3744 Lehing,
481 3677 510 3722 et
525 3663 610 3722 mene
623 3682 661 3721 au
675 3661 748 3741 logis
761 3660 798 3719 de
811 3661 936 3721 Salezar.
956 3687 969 3714 υ
985 3662 1122 3741 ttotinet,
1134 3678 1155 3723 t.
1172 3669 1216 3741 11,

152 3758 338 3840 chap.‚xevr.

196 3861 225 3917 i.
249 3853 411 3927 Matthaeus,
426 3875 484 3931 qua
497 3856 594 3911 aditus
606 3853 648 3908 ad
660 3854 765 3909 dictum
782 3849 969 3909 suburbanum
983 3856 1090 3929 [uerat.
1146 3914 1152 3921 ‚

196 3955 226 4009 2.
250 3954 297 4009 Sic
309 3948 471 4022 Matthaeus3
486 3952 595 4026 aliquos
608 3947 680 4006 dans
692 3945 721 4005 le
733 3964 787 4004 ms.

198 4048 228 4103 ³.
251 4048 292 4103 Le
307 4040 500 4128 complcnient
513 4042 549 4101 de
562 4043 590 4101 la
603 4040 708 4120 phrase
719 4053 764 4099 est
776 4041 860 4100 ornis.

238 4376 274 4415 m
