2946 5070
202 511 260 571 ΝΒ
481 553 488 568 t
630 510 837 580 arescent,

201 643 332 741 quibus
348 643 394 717 ad
411 643 559 742 plenum
574 667 693 715 rerum
706 668 784 740 quae
801 639 1016 740 gerebantur
1029 656 1065 713 et
1081 641 1268 740 plagamm

201 785 280 858 quae
295 785 318 833 a
331 759 560 833 venatoribus
577 757 816 833 tendebantur
829 757 975 859 prefato
989 759 1147 856 principi
1163 775 1268 859 atque

201 879 296 971 suis,
316 878 472 976 plurium
489 876 560 951 fide
575 877 769 974 dignorum
784 876 973 967 relatione,
996 876 1128 947 veritas
1148 878 1268 972 agnita

201 1007 298 1087 erat,
324 993 632 1067 coactum'fuisset
655 992 814 1089 ejusdem
837 993 1026 1093 principis,
1056 1015 1103 1064 eo
1129 992 1268 1092 inipso

202 1112 273 1185 illic
289 1113 537 1205 interessentc,
556 1111 766 1206 consilium,
790 1113 882 1186 etin
908 1113 955 1183 eo
978 1135 1000 1183 a
1023 1107 1132 1182 nobis
1152 1124 1190 1182 et
1207 1135 1270 1208 per

202 1254 269 1300 nos
285 1253 328 1300 ea
343 1254 421 1326 quae
443 1227 680 1301 imminebant
700 1243 737 1300 et
747 1228 966 1327 jamjamque
990 1228 1181 1326 presentia
1201 1252 1269 1299 un·

202 1342 310 1440 dique
333 1341 590 1441 impendebant
607 1344 787 1444 pericula,
807 1344 911 1417 simul
929 1359 966 1416 et
981 1369 1061 1441 quae
1083 1343 1269 1416 retulimus

202 1458 248 1531 de
259 1458 419 1533 Ebroieis
430 1474 464 1533 et
476 1464 643 1534 Vemone
655 1462 912 1559 copiarumque
925 1461 1107 1557 regiarum
1120 1484 1267 1532 accursu

202 1576 374 1649 recensita
390 1591 426 1649 et
440 1591 603 1652 enarrata
619 1577 785 1666 luissent,
809 1579 924 1650 annisi
939 1577 1177 1650 nibilominus
1188 1591 1268 1648 sunt

202 1693 284 1788 qui,
305 1696 356 1765 uti
375 1693 553 1786 diximus,
577 1719 652 1766 non
673 1693 802 1790 injuria
819 1695 955 1766 censeri
976 1706 1148 1792 poterant
1171 1716 1269 1764 conr·

201 1807 311 1905 plices
330 1826 366 1883 et
388 1811 577 1910 participes
601 1810 780 1903 factionis,
801 1809 919 1884 adhuc
935 1811 969 1883 ei
986 1808 1137 1882 suadere
1144 1809 1207 1880 uti
1222 1807 1266 1880 ab

202 1921 263 1994 illo
274 1924 355 1996 loco
367 1924 558 1998 abscedere
574 1951 649 1997 non
663 1925 822 2016 deberet,
838 1925 901 1998 sed
913 1923 1034 1998 adbuc
1048 1922 1101 1996 ibi
1112 1924 1266 2023 opperiri

202 2053 309 2134 atque
323 2056 524 2139 exspectare
537 2041 730 2144 saepedictae
744 2044 848 2140 regiae
856 2041 1044 2139 legationis
1056 2039 1264 2113 adventum.

203 2157 367 2242 Quorum
384 2159 544 2255 prolecto
560 2161 590 2232 si
605 2160 762 2233 consiliis
775 2159 910 2233 dolosis
924 2172 1033 2257 atque
1049 2156 1199 2258 perfidis
1215 2180 1267 2228 ac·

204 2270 416 2365 quiescitum
433 2275 569 2367 fuisset,
591 2277 738 2348 minime
758 2300 830 2349 nox
852 2276 1018 2376 proxima
1033 2273 1081 2346 ad
1101 2296 1266 2345 auroram

204 2389 419 2482 pervenisset
446 2392 535 2487 quin
556 2415 594 2463 se
618 2392 694 2490 ipse
719 2393 876 2491 optimus
897 2391 1066 2490 princeps
1088 2415 1176 2463 cum
1200 2389 1267 2461 suis

202 2498 391 2577 hostilibus
413 2506 537 2577 castris
563 2505 635 2578 illic
658 2509 869 2580 conclusum
889 2521 996 2605 atque
1020 2506 1193 2578 vallatum
1216 2507 1265 2576 in·

204 2618 365 2690 venisset.
389 2620 459 2693 Sed
476 2646 544 2694 nos
559 2646 644 2695 cum
662 2623 781 2696 multis
796 2622 914 2696 eidem
930 2623 1084 2723 principi
1105 2621 1265 2694 fidelibus

203 2752 239 2808 et
267 2738 523 2832 devotissimis,
544 2742 629 2815 satis
653 2742 773 2815 multis
794 2767 837 2815 ex
862 2742 1075 2837 conjecturis
1097 2765 1265 2839 quorsum

203 2853 450 2950 hujuscemodi
490 2856 714 2932 fraudulenta
739 2857 888 2933 consilia
912 2857 1195 2949 contenderent,
1225 2856 1266 2927 de

204 2967 348 3039 veritate
372 2989 493 3041 rerum
515 2992 606 3067 quas
627 2970 826 3062 retulimus,
844 2972 1077 3044 certissimam
1096 2970 1265 3043 habentes

205 3083 412 3177 notionem,
441 3085 542 3157 facile
564 3084 693 3159 eadem
715 3087 864 3159 consilia
879 3087 1091 3176 evertimus,
1116 3101 1175 3179 et,
1200 3089 1266 3156 Dc

205 3196 304 3267 mino
334 3199 497 3290 volente,
534 3199 721 3273 salubriter
748 3202 884 3274 eisdem
916 3199 1134 3274 obstitimus.
1167 3199 1266 3272 Unde

205 3315 334 3385 nostris
353 3315 666 3411 adhortationibus
678 3317 773 3389 idem
790 3319 970 3417 princeps,
991 3317 1108 3416 etqui
1121 3316 1266 3389 fideliter

204 3429 237 3499 ei
253 3431 513 3522 inserviebant,
536 3433 697 3506 videntes
716 3433 815 3505 aliud
828 3434 905 3532 jam
921 3458 996 3505 non
1014 3457 1199 3530 superesse
1206 3456 1266 3503 re·

205 3544 385 3639 medium,
410 3549 528 3620 statim
552 3564 634 3646 post
653 3548 838 3620 meridiem
854 3548 1059 3621 conscensis
1076 3548 1178 3645 equis
1203 3548 1266 3618 mi·

205 3676 380 3756 grantese
402 3663 633 3756 Loco-Veris,
661 3686 736 3762 quo
755 3665 830 3761 jam
855 3689 969 3765 prope
988 3664 1090 3735 omni
1107 3689 1153 3771 ⁰¹.
1172 3675 1267 3761 parte

206 3777 339 3851 obsessi
353 3778 602 3875 cingebantur,
619 3780 667 3853 ad
680 3779 994 3870 Pontem-Ambae,
1012 3804 1134 3853 arcem
1147 3777 1268 3850 fumis·

204 3897 354 3987 simam,
371 3895 659 3995 pernoctandum
675 3911 864 3968 venerunt.

205 4088 287 4165 actes·
298 4076 338 4134 du
356 4076 416 4146 roi,
429 4075 514 4154 apres
531 4074 561 4135 la
579 4075 650 4135 suite
663 4074 700 4131 de
714 4093 767 4132 son
781 4074 856 4132 frere
870 4092 906 4132 en
920 4076 1083 4153 Bretagne,
1097 4072 1143 4130 sut
1155 4071 1193 4129 de
1205 4089 1270 4129 oon·

205 4168 312 4243 lisquer
326 4168 368 4226 les
380 4165 463 4227 biens
480 4167 518 4228 de
534 4168 563 4225 la
580 4168 692 4228 maison
709 4165 876 4227 d'Amboise
894 4179 923 4224 et
945 4165 983 4223 de
1005 4165 1078 4224 faint²
1100 4164 1227 4223 detmire
1245 4163 1270 4220 le

72 4312 77 4320 .
205 4258 326 4318 chatecu
341 4259 379 4318 de
392 4259 727 4329 circumsitum-loire.
