2946 5070
594 460 704 517 mutu
732 460 883 518 PRIMUS.

510 735 769 805 ctrtttttutt
803 737 943 805 xxvtt.
1017 780 1021 789 ·

204 942 281 997 nura
298 942 448 997 testimonie
458 940 610 997 divinarum
621 940 813 1014 scripturarum
824 952 850 994 et
864 941 1060 999 catholicorum
1073 941 1216 1003 doctum
1230 942 1272 1005 td„

239 1027 468 1080 confirmationem
480 1044 583 1092 comm,
596 1043 655 1097 quse
669 1024 820 1091 dictasunt,
831 1025 905 1099 quod
917 1027 1017 1080 licitum
1027 1020 1062 1080 sit
1072 1045 1100 1081 se
1111 1028 1266 1084 subtrahere

239 1112 341 1166 sevitio
353 1111 582 1185 persequentium,
594 1111 673 1165 etiem
684 1110 853 1165 ecclesiarum
862 1113 1020 1166 rectoribus.

252 1293 468 1388 Quanquam
491 1311 577 1360 sero
599 1300 635 1359 et
649 1288 840 1371 salvatoris
852 1303 1030 1389 precepto
1052 1303 1089 1362 et
1105 1289 1271 1387 ejusdem

202 1406 430 1506 pluriumque
453 1419 658 1477 sanctorum
681 1403 895 1503 pontificum
909 1450 913 1457 ,
927 1394 1098 1505 eiemplis
1125 1420 1265 1481 saneto·

203 1532 354 1620 rumque
372 1521 475 1595 dictis
490 1522 574 1596 satis
590 1535 772 1596 ostensum
785 1521 829 1594 sit
840 1521 977 1595 licitum
992 1537 1028 1596 et
1040 1510 1264 1623 irreprehen-

202 1637 303 1712 sibile
313 1638 390 1711 sore
402 1651 670 1736 persecutorum
685 1639 854 1711 sevitiam
864 1637 1033 1735 fugiendo
1048 1638 1265 1738 htendoque

196 1752 403 1847 declinare,
428 1767 465 1827 et
479 1753 666 1827 ecclesiam
688 1777 753 1844 ,seu
770 1751 913 1852 plebem
930 1778 1036 1827 stiam
1054 1755 1189 1854 pastori
1204 1756 1265 1829 de·

201 1895 334 1961 serere,
353 1869 418 1942 ubi
440 1869 517 1942 solu
535 1869 610 1965 ejus
634 1893 787 1968 persona
802 1869 1049 1968 persequenda
1064 1871 1261 1970 expetitur,

202 2008 277 2057 non
301 1983 395 2059 fides
411 1980 651 2055 subvertenda
675 1982 713 2057 in
736 1979 921 2080 plebibus,
948 1996 986 2054 et
1005 1980 1077 2081 ubi
1094 2007 1159 2082 per
1175 1983 1265 2058 alios

200 2099 355 2174 idoneos
370 2100 551 2175 ministros
566 2098 707 2197 possint
726 2096 884 2173 absentis
900 2098 1052 2196 pastoris
1070 2098 1165 2171 vices
1180 2124 1263 2199 sup

201 2216 307 2314 pleri,
317 2217 471 2314 satisque
482 2215 619 2289 cunctis
634 2214 872 2314 conspicuum
880 2214 1259 2317 notoriumqueluerit,

200 2336 263 2432 qui
279 2335 391 2407 nostri
409 2335 572 2406 notitiam
586 2332 777 2429 aliqualem
790 2331 923 2405 habere
939 2346 1155 2432 potuerunt,
1179 2358 1260 2427 nos,
1286 2335 1293 2346 ’

201 2453 252 2523 uti
283 2476 374 2550 saepe
401 2450 570 2540 diximus,
598 2449 772 2522 violenter
798 2462 834 2521 et
852 2449 887 2519 vl
912 2448 1073 2547 praecisa,
1109 2450 1167 2545 cui
1191 2450 1261 2522 hu·
1370 2506 1373 2516 .

201 2569 316 2640 manis
338 2567 472 2639 viribus
491 2565 603 2641 resisti
618 2590 641 2645 a
656 2563 763 2647 uobis
782 2579 1032 2664 nonpoterat,
1050 2590 1125 2637 non
1148 2565 1261 2638 modo

199 2683 347 2755 ecclesia
361 2696 482 2753 nostra
497 2696 559 2752 aut
571 2680 775 2779 provincia,
792 2678 856 2752 sed
872 2693 948 2752 toto
967 2703 1078 2775 regno
1095 2678 1263 2776 depulsos

200 2815 307 2898 atque
327 2800 363 2870 in
388 2799 549 2870 exsilium
574 2811 691 2884 actos,
721 2819 789 2866 neo
802 2794 1071 2893 potuisseullis
1095 2792 1261 2893 precihus

199 2931 263 2988 aut
280 2911 602 2999 interventionibus
617 2912 797 3007 majorum
807 2911 1016 3012 principum
1025 2912 1126 3008 regni
1148 2912 1260 3012 impe·

199 3046 292 3104 trare
318 3030 418 3130 quod
444 3031 481 3103 in
503 3028 651 3103 ecclesia
673 3041 795 3101 nostra
821 3050 885 3101 seu
903 3028 1087 3127 provincia
1107 3024 1263 3129 residepe

200 3162 306 3244 atque
324 3149 360 3221 in
379 3171 421 3220 ea
436 3146 612 3225 deservire
633 3145 755 3218 liceret
774 3142 889 3242 (quod
908 3144 1031 3243 utique
1051 3146 1133 3226 satis
1147 3144 1260 3225 abnui

200 3263 315 3362 deque
330 3266 367 3338 in
388 3265 499 3338 nostri
514 3251 774 3337 excusationem
792 3276 899 3358 atque
915 3262 1266 3361 apologiamjmertto

200 3377 354 3451 debebat
376 3379 553 3475 sullicere)
571 3405 579 3448 ι
599 3391 739 3470 tamen,
762 3376 846 3474 quia
866 3376 1056 3476 plerosque
1077 3376 1165 3457 tales
1186 3402 1261 3454 esse

201 3497 383 3588 novimus,
404 3495 553 3602 quibus,
577 3519 646 3569 seu,
662 3491 860 3590 derogandi
877 3492 1045 3577 aviditate
1060 3519 1124 3568 seu
1143 3495 1259 3594 perri·

199 3613 298 3689 cacia
332 3612 447 3689 nimia
472 3611 654 3704 detentis,
680 3610 741 3685 vix
773 3610 893 3708 aliqpa
923 3609 1136 3705 auctoritas,
1152 3610 1260 3708 'rado

200 3753 262 3801 seu
282 3729 446 3827 exempla
472 3742 598 3801 contra
621 3727 721 3800 illurn
747 3750 856 3821 quem
880 3726 989 3800 semel
1013 3750 1172 3798 errorem
1196 3727 1259 3798 im·

199 3826 373 3940 biberint,
392 3845 532 3918 valeant
551 3843 734 3936 sullioere,
759 3843 917 3942 plurium
934 3843 1117 3917 sententiis
1132 3856 1169 3914 et
1181 3866 1260 3914 auc·

199 3961 400 4034 toritatibus
429 3973 634 4033 sanctorum
666 3959 877 4049 doctorum,
909 3981 953 4030 ea
977 3981 1056 4056 quae
1086 3954 1262 4051 diximus„

199 4081 380 4156 adstruere
405 4079 632 4170 conabimur,
655 4079 882 4157 ostendentes
903 4103 1024 4153 servos
1048 4078 1115 4151 Dei
1132 4093 1167 4151 et
1189 4080 1263 4179 ple·

197 4197 299 4271 bium
324 4214 506 4298 pastores,
532 4221 607 4273 uon
630 4197 748 4288 sulum
769 4196 940 4271 violentia
956 4196 1102 4295 precise
1118 4194 1259 4295 pulsos,
