2946 5070
565 503 674 560 LIBER
703 503 906 561 SECUNDUS.
1215 504 1272 562 383

210 651 263 710 est
276 636 339 734 qui
360 632 576 711 sufficienter
591 632 722 706 referre
742 633 800 706 vel
823 633 979 731 nogium
998 593 1124 733 possit
1148 633 1201 707 Ad
1224 635 1276 708 ul.

210 754 359 844 timum,
376 749 616 824 existimantes
638 749 767 824 accolae
793 749 916 849 patriae
939 770 1126 847 uunquam
1150 749 1275 847 hujus·

209 870 309 945 modi
325 867 587 944 calamitatibus
602 870 674 941 suis
689 867 800 941 linem
822 866 942 941 afferri
962 890 1085 966 posse,
1105 867 1173 941 nisi
1188 867 1274 943 inde

207 988 327 1059 hostes
340 984 477 1080 anglici
492 983 721 1083 pellerentur,
739 983 786 1056 ad
797 982 835 1056 id
860 981 1120 1083 perficiendum
1136 997 1174 1055 et
1184 1006 1274 1057 con·

208 1100 464 1176 rummandum
487 1100 569 1197 regi
578 1113 615 1172 et
632 1098 855 1199 principibus
880 1104 1103 1173 Francorum
1119 1099 1204 1171 totis
1218 1099 1276 1172 vi·

207 1220 307 1293 ribus
322 1234 358 1292 et
374 1216 599 1291 factrltatibus
623 1217 807 1316 cooperati
836 1232 938 1310 sunt,
962 1236 1191 1315 summopere
1209 1215 1275 1290 de-

209 1336 405 1410 siderantes
434 1335 501 1408 sub
530 1335 721 1434 imperium
754 1333 845 1407 illud
868 1332 990 1406 nobile
1017 1348 1052 1405 et
1072 1333 1274 1407 humanum

207 1452 394 1552 quondam
413 1457 653 1546 Francorum,
679 1449 747 1525 sub
764 1477 838 1549 quo
852 1452 940 1524 olim
959 1475 1088 1524 eorum
1109 1452 1275 1551 progeni·

207 1584 301 1643 tores
310 1570 428 1666 quiete
442 1583 478 1640 et
488 1565 967 1667 pacilioeinbonalihertate
976 1567 1275 1666 ernanquillitate

207 1685 402 1784 aliquando
418 1687 596 1778 vixerant,
614 1683 740 1757 reduci
756 1708 799 1757 ac
814 1683 967 1777 restitui,
983 1708 1084 1782 spem
1100 1683 1274 1758 babentes

98 1884 104 1899 ‚
206 1802 304 1874 velut
321 1799 581 1893 indubitatam,
603 1801 634 1874 si
659 1800 696 1872 id
717 1798 912 1897 aliqnando
933 1800 1065 1872 factum
1082 1799 1193 1891 foret,
1210 1825 1270 1895 se,

206 1919 316 1990 veluti
331 1918 552 2019 postliminio
567 1917 615 1991 ab
632 1914 797 1990 hostibus
813 1930 976 2015 receptos
987 1931 1096 2014 atque
1112 1930 1270 2015 ereptos,

207 2038 360 2136 priscam
390 2038 490 2112 illam
512 2037 759 2138 pulcherrimae
782 2036 971 2129 libertatis,
1000 2037 1142 2135 justitiae
1165 2053 1274 2136 atque

206 2154 439 2230 immunitatis
454 2155 634 2254 speciem,
653 2153 784 2252 quihus
807 2154 862 2226 sni
879 2153 1032 2250 majores
1055 2167 1138 2226 ante
1157 2153 1273 2228 bello·

205 2294 286 2341 rum
301 2271 519 2343 calamitates
530 2271 636 2369 potiti
659 2270 812 2362 fixerant,
830 2293 1042 2368 recuperare
1060 2269 1205 2343 debere.
1230 2277 1274 2344 Et

204 2386 276 2460 hoc
307 2388 454 2485 quidem
484 2388 631 2485 singulis
658 2387 860 2460 civitatibus
893 2401 1001 2483 atque
1027 2388 1169 2487 oppidis
1191 2413 1274 2488 pro·

204 2503 340 2597 vincia,
364 2504 454 2577 dum
476 2503 524 2578 ab
548 2505 744 2602 anglorum
768 2504 922 2603 imperio
945 2504 1039 2577 cives
1068 2504 1273 2582 deficientes

204 2645 279 2693 sese
302 2637 430 2720 sponte
452 2644 517 2694 sua
542 2620 716 2694 dederent
739 2622 873 2694 Karolo
889 2623 977 2713 vn,
1006 2632 1094 2695 tnnc
1116 2627 1273 2696 Franco-

205 2760 285 2807 rum
316 2737 412 2833 regi,
443 2752 481 2809 et
496 2735 605 2834 'quod
639 2737 741 2808 omni
771 2736 1040 2830 benevolentia,
1074 2737 1196 2811 favore
1229 2764 1273 2813 ac

204 2851 348 2935 lenitate
365 2850 529 2948 regendi,
547 2851 724 2925 tractandi
750 2866 786 2924 et
810 2852 1048 2924 conservandi
1069 2867 1205 2948 essent,
1224 2854 1272 2928 ab

204 2969 282 3066 ipso
305 2992 387 3064 rege
418 2984 455 3040 et
481 2970 555 3041 suis
582 2967 735 3041 ducibus
761 2991 804 3040 ac
829 2967 999 3041 ministris
1025 2968 1272 3068 spondebatur

203 3098 311 3181 atque
327 3082 575 3182 pollicebatur.
596 3088 678 3172 Qua
695 3107 758 3182 spe
776 3083 914 3177 allecti,
934 3107 1062 3158 ornnes
1082 3087 1144 3182 qui
1168 3103 1270 3186 pote-

203 3214 303 3294 rant,
329 3199 531 3273 deditiones
554 3199 671 3273 lacere
696 3213 803 3298 atque
828 3199 1022 3297 Anglomm
1050 3200 1270 3279 dominatio·

204 3339 288 3388 nem
303 3340 326 3390 a
342 3319 414 3392 suis
433 3333 598 3392 excutere
616 3315 814 3390 cervicibus
833 3319 994 3391 certatim
1010 3320 1266 3418 properabant.

203 3430 271 3503 Sed
300 3432 396 3505 heul
432 3450 608 3532 quantum
639 3434 759 3506 miseri
789 3432 837 3506 ab
861 3458 924 3535 spe
956 3460 1021 3510 sua
1050 3437 1267 3537 exciderint,

203 3571 384 3645 quamque
406 3549 586 3623 divermm
606 3549 653 3623 ab
675 3548 837 3646 eoquod
861 3551 912 3624 eis
936 3551 1051 3625 litarat
1068 3550 1269 3652 pollicitum

204 3664 387 3760 evestigio
402 3665 626 3756 invenerint,
646 3665 934 3761 lamentabiliter,
952 3670 1046 3767 proh
1068 3669 1191 3743 dolori
1216 3673 1270 3745 ni·

203 3783 317 3854 mium
332 3796 415 3854 sunt
430 3783 577 3881 experti.
603 3786 794 3883 Coepeumt
807 3787 925 3859 statim
942 3788 1067 3861 Franci
1086 3810 1148 3860 eos
1168 3790 1268 3862 omni

203 3900 427 3996 vectigalium
447 3913 483 3971 et
504 3899 738 3974 collationum
761 3928 889 3999 genere
913 3927 1089 3997 onerare,
1113 3904 1268 3979 militum

203 4016 415 4089 stationibus
432 4017 635 4116 opprimere
651 4032 687 4089 et
703 4020 809 4093 variis
827 4023 981 4118 angariis
1000 4035 1036 4093 et
1050 4023 1268 4121 perangariis

202 4153 410 4228 aggravare,
428 4145 557 4228 atque,
578 4129 677 4202 duris
696 4132 923 4207 servitutibus
937 4133 1102 4231 adjectis,
1120 4159 1266 4208 ornnem

201 4247 252 4319 eis
275 4271 375 4346 pene
403 4245 602 4320 libertatem
619 4247 777 4346 eripere,
802 4248 895 4324 adso
918 4251 1080 4351 prolecto
1098 4266 1139 4322 ut
1154 4251 1268 4353 publi·
