2946 5070
602 502 713 560 sinan
734 504 883 564 paruos.
1208 515 1268 574 aas

205 629 314 701 stolas
330 646 414 701 cum
431 631 736 728 instructionibus,
755 637 857 709 sicuti
873 639 919 712 ad
935 642 1045 740 ipsos,
1065 643 1238 718 detulerat
1256 676 1264 718 τ

152 813 158 829 ,
204 747 306 817 veriti
335 760 482 843 propter
507 772 588 820 eam
614 775 690 823 rem
715 754 817 849 regiae
842 757 1032 854 majestatis
1056 761 1268 859 indignatio-

204 882 289 929 nem
313 859 512 949 incurrere,
539 859 728 960 eidemque
753 882 935 965 suspectos
954 869 1030 942 fieri
1046 871 1129 970 (qui
1145 877 1269 950 omnia

204 974 491 1050 machinamenta
514 976 576 1049 lilii
593 981 646 1050 sui
667 997 828 1081 suspecta
850 985 1081 1060 vehementer
1100 989 1265 1085 haberet,

203 1105 238 1162 et
255 1091 478 1189 potissimum
493 1118 536 1164 ex
554 1096 712 1193 eoquod
731 1097 828 1170 idem
841 1099 946 1193 lilius,
961 1127 1053 1199 quos
1068 1119 1208 1203 poterat
1221 1107 1267 1181 de

203 1207 374 1279 militibus
387 1207 609 1309 ducibusque
622 1216 778 1310 paternis
788 1217 996 1290 muneribus
1009 1235 1070 1292 aut
1086 1223 1268 1318 promissis

203 1323 404 1423 pelliciebat
427 1326 521 1399 etad
539 1352 576 1399 se
591 1329 737 1425 singulis
754 1356 868 1435 prope
886 1333 1014 1406 diebus
1030 1336 1264 1434 attrahebat),

202 1455 434 1538 properanter
462 1443 648 1540 epistolam
678 1469 787 1542 quam
819 1473 1066 1547 receperamus
1094 1476 1177 1523 cum
1203 1454 1267 1524 in-

202 1557 456 1631 structionibus
469 1560 629 1632 misimus
644 1561 688 1634 ad
702 1587 835 1659 regem,
852 1590 917 1663 per
927 1566 1060 1638 litteras
1076 1593 1143 1640 nos
1158 1593 1265 1641 excu-

201 1684 318 1740 santes
341 1671 440 1767 quod
457 1697 537 1745 eam
562 1698 638 1745 rem
665 1700 737 1746 non
765 1677 868 1747 citius
892 1676 959 1748 sibi
985 1680 1263 1775 nuntiassemus,

201 1786 301 1883 quod
320 1789 467 1862 minime
486 1792 722 1864 necessarium
738 1794 1055 1887 aestimaveramus,
1076 1821 1160 1868 cum
1176 1796 1265 1870 nibil

200 1905 396 1977 molitionis
418 1918 544 1978 contra
569 1906 787 2004 majestatem
811 1932 912 1981 suam
934 1911 1176 2002 continerent,
1205 1937 1265 1984 re-

200 2050 373 2125 sponsum
397 2027 504 2099 etiam
528 2025 626 2124 quod
645 2027 772 2099 nuntio
796 2027 1007 2102 dederamus
1031 2031 1260 2105 insinuantes.

201 2146 273 2214 Rex
289 2158 409 2215 autem
433 2143 726 2215 clementissimus
750 2145 1016 2218 excusationem
1033 2146 1178 2243 quidem
1200 2148 1264 2219 be·

200 2260 308 2354 nigne
329 2260 500 2358 suscepit;
525 2257 588 2330 sed
609 2271 684 2330 tota
702 2259 753 2331 rei
774 2260 881 2332 series
900 2272 936 2331 et
958 2260 1045 2357 quid
1072 2286 1139 2334 nos
1159 2277 1263 2335 caete·

200 2375 318 2472 rique,
347 2373 394 2447 ad
423 2398 514 2472 quos
544 2375 750 2473 scripserat,
786 2374 1005 2469 fecissemus,
1035 2376 1101 2475 ipsi
1128 2376 1262 2465 dellino

199 2493 318 2565 statim
345 2493 511 2564 innotuit.
541 2490 705 2565 Habebat
726 2492 823 2564 enim
846 2494 883 2564 in
904 2492 1015 2565 domo
1035 2508 1184 2593 paterna
1200 2497 1262 2595 qui

200 2624 329 2689 cuncta
344 2608 432 2699 sibi,
450 2633 529 2707 quae
551 2634 656 2681 nosse
673 2609 886 2708 potuissent,
905 2610 1122 2683 nuntiarent.

249 2728 300 2796 Ex
320 2724 382 2797 illo
401 2748 507 2821 ergo,
533 2740 574 2796 ut
599 2725 774 2821 conjicere
792 2750 999 2824 possumus,
1021 2726 1103 2799 licet
1124 2742 1261 2800 certum

200 2843 356 2914 omnino'
382 2867 457 2914 non
483 2841 697 2935 habeamus,
731 2841 806 2914 odii
837 2841 950 2914 lomes
981 2842 1169 2914 adversum
1194 2869 1261 2918 nos

200 2960 328 3031 exoriri
342 2960 578 3032 verisimiliter
595 2959 729 3057 potuit,
758 2959 859 3054 quasi
882 2984 919 3030 se
934 2983 957 3032 a
974 2959 1080 3032 nobis
1103 2975 1260 3059 spretum

199 3100 283 3148 cum
308 3075 364 3147 his
389 3100 467 3173 quae
495 3100 532 3148 se
565 3073 802 3174 praestiturum
826 3072 1021 3147 honoraria
1046 3077 1261 3173 amplissima

198 3191 442 3290 promittebat,
460 3205 777 3290 contemptumque
791 3190 962 3263 aestimare
972 3193 1140 3290 potuerit.
1154 3193 1260 3280 Quod

198 3310 360 3408 prolecto
375 3309 489 3383 iacere
510 3334 584 3380 non
602 3307 745 3400 debuit,
764 3307 794 3378 si
811 3306 939 3405 pietate
956 3308 1167 3380 instructum
1184 3311 1261 3381 ani-

198 3451 300 3498 mum
312 3426 357 3500 ad
367 3451 470 3499 suum
485 3427 681 3522 genitorem
695 3424 872 3523 optimum
882 3424 1061 3495 tenuisset.
1079 3423 1149 3495 Sed
1162 3425 1258 3521 quia,

199 3556 343 3614 mortuo
360 3557 479 3641 patre,
504 3566 629 3613 omnes
648 3541 709 3639 qni
727 3537 843 3610 eidem
867 3540 961 3638 patri
984 3540 1138 3613 cariores
1162 3540 1263 3612 sami·

193 3658 427 3756 liarioresque
443 3659 659 3751 exstiterant,
677 3679 808 3752 magno
830 3654 917 3727 odio
935 3680 972 3727 se
989 3655 1156 3728 habuisse
1171 3656 1263 3728 indi-

199 3777 292 3847 cavit
307 3799 440 3872 eosque
456 3774 602 3847 diversis
618 3798 660 3846 ac
681 3773 786 3846 variis
804 3772 1110 3870 persecutionibus
1126 3771 1261 3865 allecit,

200 3918 274 3966 non
292 3894 589 3996 improbabiliter,
610 3893 659 3966 ob
682 3892 889 3989 hujusmodi
915 3908 1024 3991 quam
1049 3894 1264 3966 retexuimus

200 4031 363 4105 causam,
384 4011 561 4084 insensum
575 4036 658 4082 eum
674 4008 780 4081 nobis
793 4008 973 4082 redditum
981 4024 1023 4081 et
1040 4009 1077 4079 in
1092 4034 1158 4081 nos
1173 4034 1263 4081 con·

199 4127 334 4225 cepisse
351 4128 476 4200 odium
491 4150 704 4228 praesumere
719 4149 922 4224 possumus.

250 4239 320 4311 Sed
344 4239 415 4310 hoc
440 4237 585 4335 quidem
613 4237 779 4333 exiguum
801 4250 854 4307 est
880 4250 916 4306 et
937 4258 1109 4334 parvum,
1138 4260 1265 4308 eorum
