<?xml version="1.0" encoding="UTF-8"?>
<!DOCTYPE html PUBLIC "-//W3C//DTD XHTML 1.0 Transitional//EN"
    "http://www.w3.org/TR/xhtml1/DTD/xhtml1-transitional.dtd">
<html xmlns="http://www.w3.org/1999/xhtml" xml:lang="en" lang="en">
 <head>
  <title>
</title>
<meta http-equiv="Content-Type" content="text/html;charset=utf-8" />
  <meta name='ocr-system' content='tesseract 3.04.00' />
  <meta name='ocr-capabilities' content='ocr_page ocr_carea ocr_par ocr_line ocrx_word'/>
</head>
<body>
  <div class='ocr_page' id='page_1' title='image "./histoiredesrgne00amelgoog_0112.png"; bbox 0 0 2946 5070; ppageno 0'>
   <div class='ocr_carea' id='block_1_1' title="bbox 196 107 1268 3360">
    <p class='ocr_par' dir='ltr' id='par_1_1' title="bbox 199 107 1261 571">
     <span class='ocr_line' id='line_1_1' title="bbox 571 107 1261 188; baseline 0.007 -25"><span class='ocrx_word' id='word_1_1' title='bbox 571 107 686 188; x_wconf 20' lang='lat' dir='ltr'><strong>,unna</strong></span> <span class='ocrx_word' id='word_1_2' title='bbox 723 107 874 167; x_wconf 70' lang='lat' dir='ltr'><strong>scarus.</strong></span> <span class='ocrx_word' id='word_1_3' title='bbox 1222 113 1261 168; x_wconf 78' lang='lat' dir='ltr'><strong>aa</strong></span> 
     </span>
     <span class='ocr_line' id='line_1_2' title="bbox 199 235 1260 338; baseline -0.001 -23"><span class='ocrx_word' id='word_1_4' title='bbox 199 242 445 331; x_wconf 78' lang='lat' dir='ltr'><strong>Odomamm3</strong></span> <span class='ocrx_word' id='word_1_5' title='bbox 463 265 484 311; x_wconf 92' lang='lat' dir='ltr'><strong>e</strong></span> <span class='ocrx_word' id='word_1_6' title='bbox 499 237 631 337; x_wconf 90' lang='lat' dir='ltr'><strong>quibus</strong></span> <span class='ocrx_word' id='word_1_7' title='bbox 653 235 821 310; x_wconf 85' lang='lat' dir='ltr'><strong>cecidisse</strong></span> <span class='ocrx_word' id='word_1_8' title='bbox 842 237 1023 328; x_wconf 83' lang='lat' dir='ltr'><strong>nonnulli,</strong></span> <span class='ocrx_word' id='word_1_9' title='bbox 1048 238 1107 311; x_wconf 85' lang='lat' dir='ltr'><strong>alii</strong></span> <span class='ocrx_word' id='word_1_10' title='bbox 1131 242 1260 338; x_wconf 82' lang='lat' dir='ltr'><strong>captivi</strong></span> 
     </span>
     <span class='ocr_line' id='line_1_3' title="bbox 199 351 1259 452; baseline -0.002 -20"><span class='ocrx_word' id='word_1_11' title='bbox 199 357 300 433; x_wconf 90' lang='lat' dir='ltr'><strong>ducti</strong></span> <span class='ocrx_word' id='word_1_12' title='bbox 322 357 427 431; x_wconf 85' lang='lat' dir='ltr'><strong>luisse</strong></span> <span class='ocrx_word' id='word_1_13' title='bbox 450 354 625 445; x_wconf 76' lang='lat' dir='ltr'><strong>serrantur,</strong></span> <span class='ocrx_word' id='word_1_14' title='bbox 650 353 728 427; x_wconf 88' lang='lat' dir='ltr'><strong>aliis</strong></span> <span class='ocrx_word' id='word_1_15' title='bbox 760 351 858 427; x_wconf 83' lang='lat' dir='ltr'><strong>infra.</strong></span> <span class='ocrx_word' id='word_1_16' title='bbox 875 352 971 428; x_wconf 87' lang='lat' dir='ltr'><strong>dicta</strong></span> <span class='ocrx_word' id='word_1_17' title='bbox 984 353 1119 452; x_wconf 83' lang='lat' dir='ltr'><strong>oppida</strong></span> <span class='ocrx_word' id='word_1_18' title='bbox 1135 379 1210 429; x_wconf 89' lang='lat' dir='ltr'><strong>sese</strong></span> <span class='ocrx_word' id='word_1_19' title='bbox 1223 358 1259 430; x_wconf 90' lang='lat' dir='ltr'><strong>in</strong></span> 
     </span>
     <span class='ocr_line' id='line_1_4' title="bbox 200 470 560 571; baseline -0.011 -26"><span class='ocrx_word' id='word_1_20' title='bbox 200 487 280 545; x_wconf 85' lang='lat' dir='ltr'><strong>tuto</strong></span> <span class='ocrx_word' id='word_1_21' title='bbox 293 470 560 571; x_wconf 80' lang='lat' dir='ltr'><strong>recipientibus.</strong></span> 
     </span>
    </p>

    <p class='ocr_par' dir='ltr' id='par_1_2' title="bbox 196 583 1268 3360">
     <span class='ocr_line' id='line_1_5' title="bbox 250 583 1264 686; baseline 0 -26"><span class='ocrx_word' id='word_1_22' title='bbox 250 593 369 677; x_wconf 91' lang='lat' dir='ltr'><strong>Quam</strong></span> <span class='ocrx_word' id='word_1_23' title='bbox 384 587 623 661; x_wconf 80' lang='lat' dir='ltr'><strong>calamitatem</strong></span> <span class='ocrx_word' id='word_1_24' title='bbox 639 610 722 656; x_wconf 90' lang='lat' dir='ltr'><strong>cum</strong></span> <span class='ocrx_word' id='word_1_25' title='bbox 748 583 949 671; x_wconf 90' lang='lat' dir='ltr'><strong>multitudo,</strong></span> <span class='ocrx_word' id='word_1_26' title='bbox 967 609 1046 682; x_wconf 85' lang='lat' dir='ltr'><strong>quae</strong></span> <span class='ocrx_word' id='word_1_27' title='bbox 1062 602 1138 658; x_wconf 87' lang='lat' dir='ltr'><strong>erat</strong></span> <span class='ocrx_word' id='word_1_28' title='bbox 1154 587 1264 686; x_wconf 88' lang='lat' dir='ltr'><strong>pedi-</strong></span> 
     </span>
     <span class='ocr_line' id='line_1_6' title="bbox 200 700 1263 800; baseline 0.001 -25"><span class='ocrx_word' id='word_1_29' title='bbox 200 719 297 795; x_wconf 87' lang='lat' dir='ltr'><strong>tum,</strong></span> <span class='ocrx_word' id='word_1_30' title='bbox 321 704 539 800; x_wconf 82' lang='lat' dir='ltr'><strong>agnovisset,</strong></span> <span class='ocrx_word' id='word_1_31' title='bbox 558 727 641 774; x_wconf 90' lang='lat' dir='ltr'><strong>cum</strong></span> <span class='ocrx_word' id='word_1_32' title='bbox 663 724 734 796; x_wconf 90' lang='lat' dir='ltr'><strong>qua</strong></span> <span class='ocrx_word' id='word_1_33' title='bbox 752 715 827 772; x_wconf 89' lang='lat' dir='ltr'><strong>erat</strong></span> <span class='ocrx_word' id='word_1_34' title='bbox 843 700 914 771; x_wconf 86' lang='lat' dir='ltr'><strong>dux</strong></span> <span class='ocrx_word' id='word_1_35' title='bbox 928 701 1071 771; x_wconf 75' lang='lat' dir='ltr'><strong>Austriae</strong></span> <span class='ocrx_word' id='word_1_36' title='bbox 1087 716 1123 774; x_wconf 88' lang='lat' dir='ltr'><strong>et</strong></span> <span class='ocrx_word' id='word_1_37' title='bbox 1141 725 1263 778; x_wconf 83' lang='lat' dir='ltr'><strong>comes</strong></span> 
     </span>
     <span class='ocr_line' id='line_1_7' title="bbox 199 814 1263 917; baseline -0.001 -24"><span class='ocrx_word' id='word_1_38' title='bbox 199 817 247 893; x_wconf 92' lang='lat' dir='ltr'><strong>de</strong></span> <span class='ocrx_word' id='word_1_39' title='bbox 277 818 601 904; x_wconf 80' lang='lat' dir='ltr'><strong>Rotundomonte,</strong></span> <span class='ocrx_word' id='word_1_40' title='bbox 631 814 909 904; x_wconf 69' lang='lat' dir='ltr'><strong>sabaudiensie,</strong></span> <span class='ocrx_word' id='word_1_41' title='bbox 932 817 1103 911; x_wconf 89' lang='lat' dir='ltr'><strong>generalis</strong></span> <span class='ocrx_word' id='word_1_42' title='bbox 1134 820 1263 917; x_wconf 86' lang='lat' dir='ltr'><strong>capita·</strong></span> 
     </span>
     <span class='ocr_line' id='line_1_8' title="bbox 198 931 1264 1031; baseline 0.002 -23"><span class='ocrx_word' id='word_1_43' title='bbox 198 959 293 1008; x_wconf 90' lang='lat' dir='ltr'><strong>neus</strong></span> <span class='ocrx_word' id='word_1_44' title='bbox 306 935 585 1030; x_wconf 87' lang='lat' dir='ltr'><strong>Flamingorum,</strong></span> <span class='ocrx_word' id='word_1_45' title='bbox 603 959 647 1005; x_wconf 82' lang='lat' dir='ltr'><strong>ex</strong></span> <span class='ocrx_word' id='word_1_46' title='bbox 661 931 862 1017; x_wconf 88' lang='lat' dir='ltr'><strong>imminenti</strong></span> <span class='ocrx_word' id='word_1_47' title='bbox 873 933 1032 1031; x_wconf 88' lang='lat' dir='ltr'><strong>periculo</strong></span> <span class='ocrx_word' id='word_1_48' title='bbox 1046 951 1264 1010; x_wconf 84' lang='lat' dir='ltr'><strong>assumentes</strong></span> 
     </span>
     <span class='ocr_line' id='line_1_9' title="bbox 198 1045 1265 1145; baseline 0.003 -24"><span class='ocrx_word' id='word_1_49' title='bbox 198 1050 392 1122; x_wconf 77' lang='lat' dir='ltr'><strong>consilium</strong></span> <span class='ocrx_word' id='word_1_50' title='bbox 423 1049 604 1145; x_wconf 88' lang='lat' dir='ltr'><strong>animique</strong></span> <span class='ocrx_word' id='word_1_51' title='bbox 633 1071 760 1121; x_wconf 89' lang='lat' dir='ltr'><strong>ausum</strong></span> <span class='ocrx_word' id='word_1_52' title='bbox 790 1060 896 1144; x_wconf 91' lang='lat' dir='ltr'><strong>atque</strong></span> <span class='ocrx_word' id='word_1_53' title='bbox 931 1045 1184 1123; x_wconf 84' lang='lat' dir='ltr'><strong>confidentiam</strong></span> <span class='ocrx_word' id='word_1_54' title='bbox 1221 1077 1265 1124; x_wconf 82' lang='lat' dir='ltr'><strong>ex</strong></span> 
     </span>
     <span class='ocr_line' id='line_1_10' title="bbox 199 1161 1265 1264; baseline 0.003 -27"><span class='ocrx_word' id='word_1_55' title='bbox 199 1165 385 1264; x_wconf 86' lang='lat' dir='ltr'><strong>praesenti,</strong></span> <span class='ocrx_word' id='word_1_56' title='bbox 417 1164 516 1261; x_wconf 91' lang='lat' dir='ltr'><strong>quod</strong></span> <span class='ocrx_word' id='word_1_57' title='bbox 545 1161 771 1255; x_wconf 87' lang='lat' dir='ltr'><strong>imminebat,</strong></span> <span class='ocrx_word' id='word_1_58' title='bbox 797 1164 827 1235; x_wconf 90' lang='lat' dir='ltr'><strong>si</strong></span> <span class='ocrx_word' id='word_1_59' title='bbox 851 1176 950 1259; x_wconf 86' lang='lat' dir='ltr'><strong>terga</strong></span> <span class='ocrx_word' id='word_1_60' title='bbox 973 1178 1167 1256; x_wconf 86' lang='lat' dir='ltr'><strong>verterent,</strong></span> <span class='ocrx_word' id='word_1_61' title='bbox 1191 1166 1265 1240; x_wconf 84' lang='lat' dir='ltr'><strong>eri·</strong></span> 
     </span>
     <span class='ocr_line' id='line_1_11' title="bbox 200 1279 1262 1380; baseline 0.001 -25"><span class='ocrx_word' id='word_1_62' title='bbox 200 1283 279 1372; x_wconf 87' lang='lat' dir='ltr'><strong>tio,</strong></span> <span class='ocrx_word' id='word_1_63' title='bbox 303 1282 418 1355; x_wconf 89' lang='lat' dir='ltr'><strong>missis</strong></span> <span class='ocrx_word' id='word_1_64' title='bbox 446 1283 548 1380; x_wconf 86' lang='lat' dir='ltr'><strong>equis</strong></span> <span class='ocrx_word' id='word_1_65' title='bbox 580 1306 706 1354; x_wconf 89' lang='lat' dir='ltr'><strong>omnes</strong></span> <span class='ocrx_word' id='word_1_66' title='bbox 734 1280 843 1355; x_wconf 78' lang='lat' dir='ltr'><strong>ferme</strong></span> <span class='ocrx_word' id='word_1_67' title='bbox 868 1279 1018 1378; x_wconf 87' lang='lat' dir='ltr'><strong>pedites,</strong></span> <span class='ocrx_word' id='word_1_68' title='bbox 1042 1282 1080 1354; x_wconf 91' lang='lat' dir='ltr'><strong>in</strong></span> <span class='ocrx_word' id='word_1_69' title='bbox 1103 1281 1262 1380; x_wconf 87' lang='lat' dir='ltr'><strong>peditum</strong></span> 
     </span>
     <span class='ocr_line' id='line_1_12' title="bbox 200 1395 1264 1494; baseline 0.003 -25"><span class='ocrx_word' id='word_1_70' title='bbox 200 1402 441 1486; x_wconf 83' lang='lat' dir='ltr'><strong>Francomm,</strong></span> <span class='ocrx_word' id='word_1_71' title='bbox 460 1420 552 1493; x_wconf 90' lang='lat' dir='ltr'><strong>quos</strong></span> <span class='ocrx_word' id='word_1_72' title='bbox 574 1397 716 1470; x_wconf 78' lang='lat' dir='ltr'><strong>francos</strong></span> <span class='ocrx_word' id='word_1_73' title='bbox 734 1395 930 1493; x_wconf 82' lang='lat' dir='ltr'><strong>sagittarios</strong></span> <span class='ocrx_word' id='word_1_74' title='bbox 947 1396 1148 1494; x_wconf 87' lang='lat' dir='ltr'><strong>appellant,</strong></span> <span class='ocrx_word' id='word_1_75' title='bbox 1164 1400 1264 1472; x_wconf 90' lang='lat' dir='ltr'><strong>mul·-</strong></span> 
     </span>
     <span class='ocr_line' id='line_1_13' title="bbox 201 1514 1264 1610; baseline 0.001 -23"><span class='ocrx_word' id='word_1_76' title='bbox 201 1514 393 1588; x_wconf 90' lang='lat' dir='ltr'><strong>titudinem</strong></span> <span class='ocrx_word' id='word_1_77' title='bbox 428 1515 609 1610; x_wconf 89' lang='lat' dir='ltr'><strong>ingentem</strong></span> <span class='ocrx_word' id='word_1_78' title='bbox 643 1515 776 1585; x_wconf 90' lang='lat' dir='ltr'><strong>irruere</strong></span> <span class='ocrx_word' id='word_1_79' title='bbox 812 1526 1008 1609; x_wconf 89' lang='lat' dir='ltr'><strong>coeperuut.</strong></span> <span class='ocrx_word' id='word_1_80' title='bbox 1044 1517 1144 1602; x_wconf 91' lang='lat' dir='ltr'><strong>Quos</strong></span> <span class='ocrx_word' id='word_1_81' title='bbox 1181 1540 1264 1588; x_wconf 91' lang='lat' dir='ltr'><strong>cum</strong></span> 
     </span>
     <span class='ocr_line' id='line_1_14' title="bbox 200 1626 1265 1728; baseline 0.001 -27"><span class='ocrx_word' id='word_1_82' title='bbox 200 1629 340 1728; x_wconf 84' lang='lat' dir='ltr'><strong>equites</strong></span> <span class='ocrx_word' id='word_1_83' title='bbox 358 1630 581 1702; x_wconf 80' lang='lat' dir='ltr'><strong>Francorum</strong></span> <span class='ocrx_word' id='word_1_84' title='bbox 606 1644 791 1727; x_wconf 82' lang='lat' dir='ltr'><strong>protegere</strong></span> <span class='ocrx_word' id='word_1_85' title='bbox 814 1643 920 1723; x_wconf 88' lang='lat' dir='ltr'><strong>atque</strong></span> <span class='ocrx_word' id='word_1_86' title='bbox 943 1626 1143 1723; x_wconf 84' lang='lat' dir='ltr'><strong>defensare,</strong></span> <span class='ocrx_word' id='word_1_87' title='bbox 1161 1655 1265 1728; x_wconf 88' lang='lat' dir='ltr'><strong>pene·</strong></span> 
     </span>
     <span class='ocr_line' id='line_1_15' title="bbox 200 1745 1265 1843; baseline 0 -24"><span class='ocrx_word' id='word_1_88' title='bbox 200 1762 366 1843; x_wconf 83' lang='lat' dir='ltr'><strong>trareque</strong></span> <span class='ocrx_word' id='word_1_89' title='bbox 385 1771 469 1817; x_wconf 92' lang='lat' dir='ltr'><strong>cum</strong></span> <span class='ocrx_word' id='word_1_90' title='bbox 488 1747 621 1819; x_wconf 89' lang='lat' dir='ltr'><strong>lanceis</strong></span> <span class='ocrx_word' id='word_1_91' title='bbox 643 1761 678 1816; x_wconf 90' lang='lat' dir='ltr'><strong>et</strong></span> <span class='ocrx_word' id='word_1_92' title='bbox 702 1745 816 1815; x_wconf 89' lang='lat' dir='ltr'><strong>contis</strong></span> <span class='ocrx_word' id='word_1_93' title='bbox 842 1768 976 1815; x_wconf 90' lang='lat' dir='ltr'><strong>cuneos</strong></span> <span class='ocrx_word' id='word_1_94' title='bbox 1000 1745 1265 1842; x_wconf 83' lang='lat' dir='ltr'><strong>Flamingomm</strong></span> 
     </span>
     <span class='ocr_line' id='line_1_16' title="bbox 202 1860 1264 1953; baseline 0.002 -18"><span class='ocrx_word' id='word_1_95' title='bbox 202 1876 443 1952; x_wconf 88' lang='lat' dir='ltr'><strong>conarentur,</strong></span> <span class='ocrx_word' id='word_1_96' title='bbox 471 1862 542 1934; x_wconf 89' lang='lat' dir='ltr'><strong>boc</strong></span> <span class='ocrx_word' id='word_1_97' title='bbox 572 1862 706 1953; x_wconf 83' lang='lat' dir='ltr'><strong>lacere,</strong></span> <span class='ocrx_word' id='word_1_98' title='bbox 739 1862 789 1932; x_wconf 90' lang='lat' dir='ltr'><strong>uti</strong></span> <span class='ocrx_word' id='word_1_99' title='bbox 819 1860 1088 1951; x_wconf 85' lang='lat' dir='ltr'><strong>desiderabant,</strong></span> <span class='ocrx_word' id='word_1_100' title='bbox 1118 1864 1264 1937; x_wconf 89' lang='lat' dir='ltr'><strong>minime</strong></span> 
     </span>
     <span class='ocr_line' id='line_1_17' title="bbox 201 1976 1266 2080; baseline 0.004 -30"><span class='ocrx_word' id='word_1_101' title='bbox 201 1992 409 2080; x_wconf 90' lang='lat' dir='ltr'><strong>potuerunt.</strong></span> <span class='ocrx_word' id='word_1_102' title='bbox 432 1982 521 2050; x_wconf 88' lang='lat' dir='ltr'><strong>Nam</strong></span> <span class='ocrx_word' id='word_1_103' title='bbox 539 1979 605 2076; x_wconf 90' lang='lat' dir='ltr'><strong>ipsi</strong></span> <span class='ocrx_word' id='word_1_104' title='bbox 619 1977 791 2073; x_wconf 84' lang='lat' dir='ltr'><strong>Flamingi</strong></span> <span class='ocrx_word' id='word_1_105' title='bbox 805 1976 955 2077; x_wconf 90' lang='lat' dir='ltr'><strong>pedites,</strong></span> <span class='ocrx_word' id='word_1_106' title='bbox 969 2002 1051 2048; x_wconf 92' lang='lat' dir='ltr'><strong>cum</strong></span> <span class='ocrx_word' id='word_1_107' title='bbox 1066 1980 1137 2049; x_wconf 91' lang='lat' dir='ltr'><strong>suis</strong></span> <span class='ocrx_word' id='word_1_108' title='bbox 1149 1980 1266 2077; x_wconf 91' lang='lat' dir='ltr'><strong>longis</strong></span> 
     </span>
     <span class='ocr_line' id='line_1_18' title="bbox 202 2093 1263 2193; baseline 0.002 -25"><span class='ocrx_word' id='word_1_109' title='bbox 202 2097 332 2188; x_wconf 90' lang='lat' dir='ltr'><strong>contis,</strong></span> <span class='ocrx_word' id='word_1_110' title='bbox 347 2095 531 2193; x_wconf 82' lang='lat' dir='ltr'><strong>praeacutis</strong></span> <span class='ocrx_word' id='word_1_111' title='bbox 540 2093 759 2166; x_wconf 78' lang='lat' dir='ltr'><strong>ferramentis</strong></span> <span class='ocrx_word' id='word_1_112' title='bbox 771 2095 1039 2185; x_wconf 87' lang='lat' dir='ltr'><strong>communnitis,</strong></span> <span class='ocrx_word' id='word_1_113' title='bbox 1055 2119 1144 2192; x_wconf 86' lang='lat' dir='ltr'><strong>quas</strong></span> <span class='ocrx_word' id='word_1_114' title='bbox 1156 2098 1263 2193; x_wconf 91' lang='lat' dir='ltr'><strong>vulgo</strong></span> 
     </span>
     <span class='ocr_line' id='line_1_19' title="bbox 196 2202 1265 2311; baseline 0.002 -28"><span class='ocrx_word' id='word_1_115' title='bbox 196 2211 310 2311; x_wconf 77' lang='lat' dir='ltr'><strong>pilea</strong></span> <span class='ocrx_word' id='word_1_116' title='bbox 337 2210 546 2308; x_wconf 87' lang='lat' dir='ltr'><strong>appellant¹‚</strong></span> <span class='ocrx_word' id='word_1_117' title='bbox 575 2209 733 2281; x_wconf 88' lang='lat' dir='ltr'><strong>hostium</strong></span> <span class='ocrx_word' id='word_1_118' title='bbox 753 2202 903 2307; x_wconf 88' lang='lat' dir='ltr'><strong>equites,</strong></span> <span class='ocrx_word' id='word_1_119' title='bbox 922 2233 968 2281; x_wconf 90' lang='lat' dir='ltr'><strong>ne</strong></span> <span class='ocrx_word' id='word_1_120' title='bbox 985 2211 1078 2283; x_wconf 88' lang='lat' dir='ltr'><strong>intra</strong></span> <span class='ocrx_word' id='word_1_121' title='bbox 1091 2235 1130 2283; x_wconf 86' lang='lat' dir='ltr'><strong>se</strong></span> <span class='ocrx_word' id='word_1_122' title='bbox 1145 2235 1182 2285; x_wconf 88' lang='lat' dir='ltr'><strong>se</strong></span> <span class='ocrx_word' id='word_1_123' title='bbox 1198 2213 1265 2284; x_wconf 89' lang='lat' dir='ltr'><strong>irn-</strong></span> 
     </span>
     <span class='ocr_line' id='line_1_20' title="bbox 203 2323 1263 2423; baseline 0 -23"><span class='ocrx_word' id='word_1_124' title='bbox 203 2328 401 2415; x_wconf 90' lang='lat' dir='ltr'><strong>mitterent,</strong></span> <span class='ocrx_word' id='word_1_125' title='bbox 436 2325 583 2396; x_wconf 84' lang='lat' dir='ltr'><strong>viriliter</strong></span> <span class='ocrx_word' id='word_1_126' title='bbox 609 2323 791 2397; x_wconf 78' lang='lat' dir='ltr'><strong>arcebant.</strong></span> <span class='ocrx_word' id='word_1_127' title='bbox 823 2328 996 2398; x_wconf 89' lang='lat' dir='ltr'><strong>Conserto</strong></span> <span class='ocrx_word' id='word_1_128' title='bbox 1028 2327 1147 2423; x_wconf 90' lang='lat' dir='ltr'><strong>itaque</strong></span> <span class='ocrx_word' id='word_1_129' title='bbox 1181 2352 1263 2400; x_wconf 86' lang='lat' dir='ltr'><strong>curn</strong></span> 
     </span>
     <span class='ocr_line' id='line_1_21' title="bbox 204 2442 1263 2543; baseline 0.002 -28"><span class='ocrx_word' id='word_1_130' title='bbox 204 2442 427 2543; x_wconf 87' lang='lat' dir='ltr'><strong>pedestribus</strong></span> <span class='ocrx_word' id='word_1_131' title='bbox 451 2446 668 2515; x_wconf 88' lang='lat' dir='ltr'><strong>Francorum</strong></span> <span class='ocrx_word' id='word_1_132' title='bbox 693 2442 806 2540; x_wconf 89' lang='lat' dir='ltr'><strong>copiis</strong></span> <span class='ocrx_word' id='word_1_133' title='bbox 833 2442 906 2514; x_wconf 89' lang='lat' dir='ltr'><strong>acri</strong></span> <span class='ocrx_word' id='word_1_134' title='bbox 929 2442 1070 2540; x_wconf 91' lang='lat' dir='ltr'><strong>proelio,</strong></span> <span class='ocrx_word' id='word_1_135' title='bbox 1096 2443 1158 2516; x_wconf 89' lang='lat' dir='ltr'><strong>diu</strong></span> <span class='ocrx_word' id='word_1_136' title='bbox 1181 2470 1263 2517; x_wconf 89' lang='lat' dir='ltr'><strong>cum</strong></span> 
     </span>
     <span class='ocr_line' id='line_1_22' title="bbox 204 2557 1265 2654; baseline 0.004 -25"><span class='ocrx_word' id='word_1_137' title='bbox 204 2582 335 2654; x_wconf 86' lang='lat' dir='ltr'><strong>magna</strong></span> <span class='ocrx_word' id='word_1_138' title='bbox 354 2557 440 2630; x_wconf 90' lang='lat' dir='ltr'><strong>binc</strong></span> <span class='ocrx_word' id='word_1_139' title='bbox 456 2557 540 2629; x_wconf 91' lang='lat' dir='ltr'><strong>inde</strong></span> <span class='ocrx_word' id='word_1_140' title='bbox 556 2557 713 2630; x_wconf 88' lang='lat' dir='ltr'><strong>hostium</strong></span> <span class='ocrx_word' id='word_1_141' title='bbox 735 2572 849 2654; x_wconf 84' lang='lat' dir='ltr'><strong>strage</strong></span> <span class='ocrx_word' id='word_1_142' title='bbox 868 2557 1075 2632; x_wconf 88' lang='lat' dir='ltr'><strong>dimicatum</strong></span> <span class='ocrx_word' id='word_1_143' title='bbox 1094 2574 1157 2632; x_wconf 90' lang='lat' dir='ltr'><strong>est.</strong></span> <span class='ocrx_word' id='word_1_144' title='bbox 1176 2563 1265 2633; x_wconf 82' lang='lat' dir='ltr'><strong>Tan·</strong></span> 
     </span>
     <span class='ocr_line' id='line_1_23' title="bbox 204 2672 1261 2768; baseline 0.001 -21"><span class='ocrx_word' id='word_1_145' title='bbox 204 2672 289 2747; x_wconf 89' lang='lat' dir='ltr'><strong>dem</strong></span> <span class='ocrx_word' id='word_1_146' title='bbox 316 2676 423 2744; x_wconf 79' lang='lat' dir='ltr'><strong>tunc³</strong></span> <span class='ocrx_word' id='word_1_147' title='bbox 447 2673 594 2745; x_wconf 87' lang='lat' dir='ltr'><strong>victoria</strong></span> <span class='ocrx_word' id='word_1_148' title='bbox 618 2672 821 2768; x_wconf 88' lang='lat' dir='ltr'><strong>Flamingis‚</strong></span> <span class='ocrx_word' id='word_1_149' title='bbox 857 2672 920 2745; x_wconf 89' lang='lat' dir='ltr'><strong>sed</strong></span> <span class='ocrx_word' id='word_1_150' title='bbox 949 2698 1025 2746; x_wconf 92' lang='lat' dir='ltr'><strong>non</strong></span> <span class='ocrx_word' id='word_1_151' title='bbox 1059 2675 1261 2768; x_wconf 90' lang='lat' dir='ltr'><strong>incruenta,</strong></span> 
     </span>
     <span class='ocr_line' id='line_1_24' title="bbox 204 2788 1264 2890; baseline 0.002 -28"><span class='ocrx_word' id='word_1_152' title='bbox 204 2791 380 2890; x_wconf 86' lang='lat' dir='ltr'><strong>provenit.</strong></span> <span class='ocrx_word' id='word_1_153' title='bbox 406 2793 623 2862; x_wconf 90' lang='lat' dir='ltr'><strong>Francomm</strong></span> <span class='ocrx_word' id='word_1_154' title='bbox 653 2789 750 2860; x_wconf 91' lang='lat' dir='ltr'><strong>enim</strong></span> <span class='ocrx_word' id='word_1_155' title='bbox 780 2788 957 2886; x_wconf 86' lang='lat' dir='ltr'><strong>praesidia,</strong></span> <span class='ocrx_word' id='word_1_156' title='bbox 985 2792 1110 2888; x_wconf 84' lang='lat' dir='ltr'><strong>quaein</strong></span> <span class='ocrx_word' id='word_1_157' title='bbox 1125 2794 1264 2864; x_wconf 88' lang='lat' dir='ltr'><strong>Morino</strong></span> 
     </span>
     <span class='ocr_line' id='line_1_25' title="bbox 204 2903 1266 3001; baseline 0.001 -24"><span class='ocrx_word' id='word_1_158' title='bbox 204 2920 320 2995; x_wconf 88' lang='lat' dir='ltr'><strong>erant,</strong></span> <span class='ocrx_word' id='word_1_159' title='bbox 339 2929 360 2978; x_wconf 90' lang='lat' dir='ltr'><strong>a</strong></span> <span class='ocrx_word' id='word_1_160' title='bbox 376 2918 573 3000; x_wconf 82' lang='lat' dir='ltr'><strong>tergorum</strong></span> <span class='ocrx_word' id='word_1_161' title='bbox 593 2903 670 2976; x_wconf 90' lang='lat' dir='ltr'><strong>aliis</strong></span> <span class='ocrx_word' id='word_1_162' title='bbox 696 2909 913 2977; x_wconf 90' lang='lat' dir='ltr'><strong>Francorum</strong></span> <span class='ocrx_word' id='word_1_163' title='bbox 935 2904 1114 3001; x_wconf 90' lang='lat' dir='ltr'><strong>equitibus</strong></span> <span class='ocrx_word' id='word_1_164' title='bbox 1130 2909 1266 2979; x_wconf 87' lang='lat' dir='ltr'><strong>irruen-</strong></span> 
     </span>
     <span class='ocr_line' id='line_1_26' title="bbox 205 3020 1267 3116; baseline 0.001 -23"><span class='ocrx_word' id='word_1_165' title='bbox 205 3035 257 3093; x_wconf 89' lang='lat' dir='ltr'><strong>tes</strong></span> <span class='ocrx_word' id='word_1_166' title='bbox 283 3023 320 3093; x_wconf 92' lang='lat' dir='ltr'><strong>in</strong></span> <span class='ocrx_word' id='word_1_167' title='bbox 341 3045 465 3092; x_wconf 88' lang='lat' dir='ltr'><strong>currus</strong></span> <span class='ocrx_word' id='word_1_168' title='bbox 484 3034 521 3091; x_wconf 89' lang='lat' dir='ltr'><strong>et</strong></span> <span class='ocrx_word' id='word_1_169' title='bbox 544 3043 619 3112; x_wconf 88' lang='lat' dir='ltr'><strong>eos,</strong></span> <span class='ocrx_word' id='word_1_170' title='bbox 645 3020 707 3116; x_wconf 92' lang='lat' dir='ltr'><strong>qui</strong></span> <span class='ocrx_word' id='word_1_171' title='bbox 727 3043 880 3092; x_wconf 83' lang='lat' dir='ltr'><strong>annonae</strong></span> <span class='ocrx_word' id='word_1_172' title='bbox 903 3020 1166 3094; x_wconf 69' lang='lat' dir='ltr'><strong>ministrandae‘</strong></span> <span class='ocrx_word' id='word_1_173' title='bbox 1184 3022 1267 3094; x_wconf 87' lang='lat' dir='ltr'><strong>alia-</strong></span> 
     </span>
     <span class='ocr_line' id='line_1_27' title="bbox 206 3135 1268 3233; baseline -0.001 -23"><span class='ocrx_word' id='word_1_174' title='bbox 206 3161 359 3233; x_wconf 89' lang='lat' dir='ltr'><strong>rumque</strong></span> <span class='ocrx_word' id='word_1_175' title='bbox 384 3135 660 3208; x_wconf 89' lang='lat' dir='ltr'><strong>necessariarum</strong></span> <span class='ocrx_word' id='word_1_176' title='bbox 681 3161 800 3208; x_wconf 89' lang='lat' dir='ltr'><strong>rerum</strong></span> <span class='ocrx_word' id='word_1_177' title='bbox 821 3138 931 3232; x_wconf 87' lang='lat' dir='ltr'><strong>gratia</strong></span> <span class='ocrx_word' id='word_1_178' title='bbox 952 3139 1144 3212; x_wconf 83' lang='lat' dir='ltr'><strong>exercitum</strong></span> <span class='ocrx_word' id='word_1_179' title='bbox 1169 3138 1268 3210; x_wconf 89' lang='lat' dir='ltr'><strong>ducis</strong></span> 
     </span>
     <span class='ocr_line' id='line_1_28' title="bbox 206 3252 1268 3360; baseline 0 -33"><span class='ocrx_word' id='word_1_180' title='bbox 206 3252 466 3352; x_wconf 85' lang='lat' dir='ltr'><strong>sequebantur,</strong></span> <span class='ocrx_word' id='word_1_181' title='bbox 482 3277 608 3326; x_wconf 89' lang='lat' dir='ltr'><strong>omnes</strong></span> <span class='ocrx_word' id='word_1_182' title='bbox 632 3277 725 3350; x_wconf 90' lang='lat' dir='ltr'><strong>quos</strong></span> <span class='ocrx_word' id='word_1_183' title='bbox 741 3255 975 3348; x_wconf 89' lang='lat' dir='ltr'><strong>invenerunt,</strong></span> <span class='ocrx_word' id='word_1_184' title='bbox 995 3271 1031 3327; x_wconf 87' lang='lat' dir='ltr'><strong>ct</strong></span> <span class='ocrx_word' id='word_1_185' title='bbox 1055 3256 1207 3360; x_wconf 82' lang='lat' dir='ltr'><strong>aurigas,</strong></span> <span class='ocrx_word' id='word_1_186' title='bbox 1233 3270 1268 3327; x_wconf 89' lang='lat' dir='ltr'><strong>et</strong></span> 
     </span>
    </p>
   </div>
   <div class='ocr_carea' id='block_1_2' title="bbox 210 3476 1270 3743">
    <p class='ocr_par' dir='ltr' id='par_1_3' title="bbox 210 3476 1270 3743">
     <span class='ocr_line' id='line_1_29' title="bbox 250 3476 908 3556; baseline 0 -20"><span class='ocrx_word' id='word_1_187' title='bbox 250 3483 277 3536; x_wconf 89' lang='lat' dir='ltr'><strong>l.</strong></span> <span class='ocrx_word' id='word_1_188' title='bbox 299 3481 422 3556; x_wconf 87' lang='lat' dir='ltr'><strong>laoques</strong></span> <span class='ocrx_word' id='word_1_189' title='bbox 436 3476 473 3535; x_wconf 92' lang='lat' dir='ltr'><strong>de</strong></span> <span class='ocrx_word' id='word_1_190' title='bbox 486 3476 600 3549; x_wconf 83' lang='lat' dir='ltr'><strong>Savoie,</strong></span> <span class='ocrx_word' id='word_1_191' title='bbox 616 3490 709 3536; x_wconf 88' lang='lat' dir='ltr'><strong>comte</strong></span> <span class='ocrx_word' id='word_1_192' title='bbox 724 3476 760 3534; x_wconf 92' lang='lat' dir='ltr'><strong>de</strong></span> <span class='ocrx_word' id='word_1_193' title='bbox 772 3480 908 3536; x_wconf 83' lang='lat' dir='ltr'><strong>Romont.</strong></span> 
     </span>
     <span class='ocr_line' id='line_1_30' title="bbox 248 3568 1270 3648; baseline -0.003 -19"><span class='ocrx_word' id='word_1_194' title='bbox 248 3573 277 3631; x_wconf 77' lang='lat'><strong>2.</strong></span> <span class='ocrx_word' id='word_1_195' title='bbox 300 3570 375 3634; x_wconf 84' lang='lat' dir='ltr'><strong>D’ob</strong></span> <span class='ocrx_word' id='word_1_196' title='bbox 394 3571 421 3628; x_wconf 91' lang='lat' dir='ltr'><strong>le</strong></span> <span class='ocrx_word' id='word_1_197' title='bbox 440 3581 502 3629; x_wconf 90' lang='lat' dir='ltr'><strong>mot</strong></span> <span class='ocrx_word' id='word_1_198' title='bbox 520 3569 642 3646; x_wconf 78' lang='lat' dir='ltr'><strong>sranqais</strong></span> <span class='ocrx_word' id='word_1_199' title='bbox 658 3576 758 3648; x_wconf 81' lang='lat' dir='ltr'><strong>pr&#39;que,</strong></span> <span class='ocrx_word' id='word_1_200' title='bbox 781 3569 830 3646; x_wconf 90' lang='lat' dir='ltr'><strong>qui</strong></span> <span class='ocrx_word' id='word_1_201' title='bbox 847 3569 921 3628; x_wconf 87' lang='lat' dir='ltr'><strong>n’est</strong></span> <span class='ocrx_word' id='word_1_202' title='bbox 937 3570 1018 3628; x_wconf 76' lang='lat' dir='ltr'><strong>entre</strong></span> <span class='ocrx_word' id='word_1_203' title='bbox 1038 3568 1109 3627; x_wconf 81' lang='lat' dir='ltr'><strong>dans</strong></span> <span class='ocrx_word' id='word_1_204' title='bbox 1127 3569 1154 3626; x_wconf 83' lang='lat' dir='ltr'><strong>la</strong></span> <span class='ocrx_word' id='word_1_205' title='bbox 1167 3568 1270 3646; x_wconf 84' lang='lat' dir='ltr'><strong>langue</strong></span> 
     </span>
     <span class='ocr_line' id='line_1_31' title="bbox 210 3662 555 3743; baseline -0.017 -19"><span class='ocrx_word' id='word_1_206' title='bbox 210 3683 266 3743; x_wconf 84' lang='lat' dir='ltr'><strong>que</strong></span> <span class='ocrx_word' id='word_1_207' title='bbox 279 3683 346 3723; x_wconf 79' lang='lat' dir='ltr'><strong>vers</strong></span> <span class='ocrx_word' id='word_1_208' title='bbox 360 3682 394 3721; x_wconf 91' lang='lat' dir='ltr'><strong>ce</strong></span> <span class='ocrx_word' id='word_1_209' title='bbox 408 3662 555 3741; x_wconf 78' lang='lat' dir='ltr'><strong>temps-lb.</strong></span> 
     </span>
    </p>
   </div>
   <div class='ocr_carea' id='block_1_3' title="bbox 251 3758 780 3916">
    <p class='ocr_par' dir='ltr' id='par_1_4' title="bbox 251 3758 780 3916">
     <span class='ocr_line' id='line_1_32' title="bbox 251 3758 516 3817; baseline -0.004 -1"><span class='ocrx_word' id='word_1_210' title='bbox 251 3761 278 3816; x_wconf 83' lang='grc'><strong>3.</strong></span> <span class='ocrx_word' id='word_1_211' title='bbox 304 3758 399 3817; x_wconf 76' lang='lat' dir='ltr'><strong>elucet</strong></span> <span class='ocrx_word' id='word_1_212' title='bbox 412 3771 516 3815; x_wconf 76' lang='lat' dir='ltr'><strong>terren.</strong></span> 
     </span>
     <span class='ocr_line' id='line_1_33' title="bbox 251 3848 780 3916; baseline -0.011 -6"><span class='ocrx_word' id='word_1_213' title='bbox 251 3853 280 3916; x_wconf 75' lang='lat' dir='ltr'><strong>ir.</strong></span> <span class='ocrx_word' id='word_1_214' title='bbox 304 3852 495 3909; x_wconf 74' lang='lat' dir='ltr'><strong>Ministrarcli</strong></span> <span class='ocrx_word' id='word_1_215' title='bbox 507 3848 578 3907; x_wconf 81' lang='lat' dir='ltr'><strong>dans</strong></span> <span class='ocrx_word' id='word_1_216' title='bbox 589 3849 616 3906; x_wconf 90' lang='lat' dir='ltr'><strong>le</strong></span> <span class='ocrx_word' id='word_1_217' title='bbox 629 3868 681 3905; x_wconf 85' lang='lat' dir='ltr'><strong>ms.</strong></span> <span class='ocrx_word' id='word_1_218' title='bbox 778 3885 780 3888; x_wconf 54' lang='lat'>&gt;</span> 
     </span>
    </p>
   </div>
   <div class='ocr_carea' id='block_1_4' title="bbox 0 0 1488 5070">
    <p class='ocr_par' dir='ltr' id='par_1_5' title="bbox 0 0 1488 5070">
     <span class='ocr_line' id='line_1_34' title="bbox 0 0 1488 5070; baseline 0 0"><span class='ocrx_word' id='word_1_219' title='bbox 0 0 1488 5070; x_wconf 95' lang='lat' dir='ltr'><strong> </strong></span> 
     </span>
    </p>
   </div>
  </div>
 </body>
</html>
