2946 5070
572 500 682 557 ntum
701 498 892 557 samatus
1206 504 1265 561 lta

202 646 300 705 tutus
317 632 470 706 libertati
489 647 597 733 atque
613 636 831 725 auctoritati,
849 635 1049 731 Trajcctum
1070 635 1116 715 ad
1133 636 1265 736 princi·

201 772 287 847 pem
304 752 414 843 venit,
433 764 541 848 atque
557 776 642 824 cum
659 753 822 825 omnium
841 751 1024 825 bonorum
1040 752 1215 851 applausu
1230 769 1267 826 et

200 890 285 938 cum
301 868 435 964 ingenti
454 868 573 940 laetitia
589 883 752 968 receptus
769 884 941 968 tanquam
957 869 1126 942 dominus
1144 870 1221 942 luit.

252 987 410 1056 Durante
421 997 542 1058 autem
552 984 754 1078 obsidione,
765 985 900 1058 volavit
911 1009 1036 1057 rumor
1047 978 1130 1058 sa'tis
1142 986 1268 1083 ingens

201 1099 302 1197 quod
316 1100 390 1172 dux
408 1101 578 1174 Clivensis
595 1102 789 1174 exercitum
806 1102 1003 1202 adparabat
1019 1118 1054 1176 et
1069 1129 1268 1203 congrega-

200 1214 264 1290 bat
286 1231 327 1289 ut
341 1216 622 1315 Trajectensibus
640 1217 806 1312 obsessis,
826 1220 927 1316 juxta
946 1220 1046 1318 quod
1064 1223 1268 1320 promisisse

200 1330 393 1427 ferebatur,
412 1358 599 1408 succursus
611 1333 784 1435 praeberet
798 1336 936 1410 solatia.
954 1337 1026 1409 Sed
1037 1363 1121 1411 cum
1137 1340 1269 1412 coactis

200 1451 316 1549 copiis
330 1474 420 1548 quas
436 1451 634 1525 adsciscere
648 1464 801 1552 poterat,
821 1478 859 1525 se
875 1454 981 1526 nimis
996 1477 1148 1527 numero
1165 1469 1201 1527 et
1215 1454 1269 1527 vi-

199 1564 301 1639 ribus
315 1566 452 1640 rideret
463 1568 683 1663 inferiorem,
697 1568 799 1642 domi
810 1569 977 1664 substitit,
993 1584 1061 1647 nec
1075 1571 1169 1643 ultro
1184 1595 1269 1670 pro·

201 1685 300 1783 gredi
317 1704 425 1760 ausus
443 1686 520 1759 fuit.

249 1805 380 1911 Mansit
402 1819 525 1878 autem
544 1804 693 1902 Trajecti
720 1803 792 1878 dux
808 1805 892 1904 'ipsc
918 1802 1178 1881 Maximilianus
1195 1809 1271 1884 dies

200 1919 334 1995 multos
359 1946 443 1994 cum
469 1921 542 1994 suis
565 1919 751 1994 militibus.
776 1924 847 2012 Qui
865 1947 949 1995 cum
965 1923 1196 2013 innumerosa
1215 1953 1269 2000 es·

199 2036 527 2111 sentmultitudin'e
551 2053 587 2112 et
601 2038 781 2112 variarum
800 2036 1004 2137 linguarum
1025 2057 1133 2141 atque
1158 2045 1271 2118 natio·

200 2178 303 2247 num,
320 2154 380 2228 alii
394 2155 501 2244 Galli,
517 2154 577 2229 alii
593 2156 754 2255 Hispani,
771 2157 831 2229 alii
847 2159 1046 2254 Teutonici,
1063 2158 1124 2232 alii
1137 2177 1174 2233 et
1187 2187 1269 2260 pars

200 2288 332 2370 magna
355 2272 400 2344 de
422 2273 590 2347 inferiore
611 2273 838 2365 Alamannia,
858 2273 1002 2349 diflicile
1019 2272 1181 2350 cobiberi
1197 2304 1270 2378 po-

200 2397 347 2465 tuerunt
377 2392 423 2464 ne
452 2391 633 2464 civitatem
662 2392 857 2491 diriperent
888 2416 929 2465 ac
962 2393 1169 2493 spoliarent
1201 2396 1271 2468 Sed

182 2522 377 2605 'quantum
402 2506 517 2581 facere
544 2508 664 2607 potuit
688 2509 763 2606 ipse
785 2508 1064 2582 humanissimus
1084 2512 1268 2610 princeps,

199 2650 248 2726 ue
263 2625 301 2698 id
319 2624 418 2698 fieret
435 2624 583 2713 obstitit,
604 2650 729 2698 curam
750 2623 890 2697 habens
909 2640 946 2699 et
962 2650 1111 2699 ornnem
1133 2628 1180 2699 ad
1198 2628 1271 2702 boc

199 2736 378 2813 adhibens
394 2737 672 2810 sollicitudinem
692 2749 734 2808 ut
748 2734 794 2808 de
809 2731 989 2835 stipendio
1009 2740 1204 2811 constituto
1221 2744 1271 2814 eis

199 2857 434 2950 satisfaceret,
457 2855 505 2928 ob
524 2856 626 2953 cujus
641 2853 830 2927 solutionis
845 2851 1026 2926 defectum
1040 2851 1109 2926 sibi
1126 2856 1163 2926 in
1184 2882 1271 2955 prae-

199 2972 287 3049 dam
304 2974 437 3049 debere
453 2973 612 3075 permitti
635 2972 816 3046 civitatem
841 2970 1093 3043 causabantur.
1115 2975 1195 3044 Non
1219 2989 1270 3049 ta·

200 3118 285 3167 men
297 3092 389 3167 adeo
400 3116 515 3192 usque
525 3090 702 3165 contineri
714 3103 920 3187 potuerunt,
937 3088 1023 3187 quin
1039 3089 1270 3188 particulares

199 3210 337 3309 praedas
358 3227 393 3284 et
415 3211 558 3311 rapinas
582 3220 729 3306 agerent
749 3221 855 3305 atque
872 3206 1006 3279 damna
1026 3201 1063 3277 iri
1082 3209 1270 3306 quamplu-

201 3324 301 3403 ribus
326 3328 462 3401 aedibus
486 3328 698 3422 irrogarent.
728 3326 768 3395 ln
799 3320 919 3397 multis
942 3347 1072 3422 nempe
1100 3323 1270 3398 domibus

201 3445 293 3518 ostia
315 3470 356 3519 ac
373 3445 555 3536 fenestras,
573 3435 740 3515 detractis
757 3438 991 3529 ferramentis,
1016 3454 1210 3549 caeteraque
1230 3443 1269 3515 li·

201 3583 293 3658 gnea
316 3560 511 3635 domorum
532 3561 769 3632 instrumenta
790 3552 1073 3646 comburebant;
1094 3582 1173 3650 nec,
1196 3583 1269 3657 prae

201 3678 442 3771 multitudine,
460 3679 507 3751 de
528 3677 677 3774 hujusce
691 3674 827 3748 delictis
845 3697 958 3774 poenae
974 3673 1066 3746 sumi
1087 3689 1265 3772 poterant.

201 3788 405 3868 Camenim
418 3794 463 3867 de
480 3792 699 3892 quibusdam
714 3816 758 3864 ex
770 3790 867 3889 ipsis,
884 3790 947 3889 qui
962 3789 1105 3888 capitali
1119 3784 1268 3863 crimine
1351 3806 1358 3813 ·

201 3911 433 3987 condemnati
451 3906 570 4005 erant,
597 3908 812 4009 supplicium
835 3906 1049 3979 sumendum
1067 3905 1175 3998 foret,
1194 3931 1268 3979 sese

200 4028 240 4101 in
256 4056 371 4104 unum
387 4055 514 4127 agmen
532 4050 662 4125 magna
674 4023 923 4124 hujuscemodi
942 4025 1149 4120 iniquorum
1164 4023 1270 4097 turba

201 4165 382 4246 cogentes,
401 4173 482 4222 reos
498 4144 675 4246 supplicio
697 4142 871 4218 violenter
887 4154 1097 4218 exemerunt
1118 4168 1127 4211 z
1151 4142 1265 4240 quod,

202 4292 249 4340 ne
274 4266 417 4365 gravius
436 4265 656 4362 contingeret
687 4259 916 4353 scandalum,
943 4258 1099 4334 indum
1124 4259 1266 4333 mansit.
