2946 5070
222 457 261 514 tt
495 456 749 518 utstbntanvtt
769 455 945 514 wnovtct
965 457 1007 512 Χ]

226 589 491 682 vicinarumque
514 603 688 660 terrarum
712 587 870 686 oppidu
890 612 1047 684 qunuun
1066 611 1211 660 summa
1226 612 1281 658 su·

223 728 286 802 per
317 729 375 775 uvr
415 704 526 778 millia
556 703 778 779 floreum
810 704 1001 781 mathee
1037 703 1223 778 terebatur
1246 704 1280 773 in

220 846 332 896 anno.

268 939 395 1012 surim
415 939 554 1039 itaque,
581 953 622 1011 ut
645 936 811 1028 diximm,
832 937 1007 1011 exstineto
1022 937 1155 1010 Carolo
1170 937 1278 1023 duce,

220 1053 323 1150 cujtts
351 1053 501 1126 viventis
532 1069 647 1126 uenas
679 1050 831 1125 infirmis
865 1067 903 1125 et
938 1052 1115 1125 seditiosis
1155 1054 1283 1127 animis

220 1169 515 1265 Traiectensium,
531 1184 703 1266 tanqmm
718 1182 815 1240 neor
830 1169 986 1267 pupillis,
1008 1169 1103 1242 utilis
1118 1168 1226 1242 vaide
1243 1193 1284 1242 ac

221 1289 439 1361 necessarius
455 1288 649 1373 exstiterat,
671 1286 874 1382 cogitarunt
892 1287 1094 1384 pestilentes
1118 1287 1285 1360 nonnulli

217 1427 376 1500 quanam
388 1405 447 1478 via
471 1428 547 1477 sese
568 1402 768 1477 subducere
786 1417 933 1503 possent
951 1401 998 1476 ab
1026 1401 1234 1477 obedientia
1249 1417 1285 1476 et

218 1519 440 1618 subjectione
458 1544 549 1619 quas
563 1520 610 1593 ad
635 1520 825 1593 dominum
852 1543 958 1593 suum
978 1518 1152 1592 hactenus
1183 1519 1284 1594 exhi-

218 1634 305 1710 bere
319 1652 356 1710 et
368 1636 558 1710 observare
575 1651 845 1726 conmeverant,
864 1649 916 1729 ut,
934 1634 1108 1710 abdicatis
1124 1659 1190 1709 seu
1203 1660 1285 1735 pro·

218 1752 443 1851 scriptisqui
471 1753 695 1849 magistratus
724 1767 761 1824 et
781 1750 901 1825 officia
920 1752 1070 1826 civitatis
1094 1751 1281 1850 gerebant,

220 1883 366 1967 possent
380 1869 447 1969 ipsi
463 1868 511 1943 ad
521 1868 899 1966 eosdemmagistratus
908 1870 1084 1966 gerendos
1098 1871 1281 1944 accedere.

220 1984 389 2059 videntes
410 2001 531 2059 antem
551 1986 624 2059 boc
645 1987 713 2059 nisi
729 1985 797 2058 sub
814 1986 948 2058 ducam
963 1987 1113 2084 alicujus
1129 1989 1286 2086 potent'u

220 2127 294 2176 non
308 2102 410 2176 facile
423 2105 595 2203 consequi
611 2128 733 2202 posse,
759 2104 996 2176 accersienmt
1008 2103 1199 2202 prefatum
1224 2103 1285 2177 do·

221 2205 362 2295 minum
382 2217 429 2290 de
453 2218 681 2312 Monteforti,
707 2243 816 2316 quem
844 2245 916 2292 suae
945 2219 1108 2293 factionis
1135 2219 1285 2316 dignum

221 2336 287 2411 rati
298 2351 382 2409 sunt
403 2335 562 2410 iubarum
577 2351 833 2410 exsecutorem.
853 2335 1045 2410 Ferebatur
1076 2337 1176 2409 enim
1203 2361 1284 2412 eum

140 2472 147 2490 ‘
221 2465 348 2524 contra
374 2450 565 2524 dominum
593 2478 719 2546 suum,
754 2454 963 2552 episcopum
983 2452 1281 2548 Trajectensium,

217 2568 292 2664 jam
303 2566 540 2642 olimabaute
548 2567 720 2667 quasdam
729 2569 927 2643 exercuisse
939 2569 1159 2651 simultates¹.
1179 2575 1285 2670 Prop-

222 2697 275 2767 ter
292 2682 413 2783 quod,
430 2709 468 2757 se
483 2700 611 2785 praesto
629 2683 837 2759 adfuturum
854 2685 987 2759 auxilio
1014 2709 1143 2779 eorum
1169 2687 1234 2784 qui
1248 2712 1284 2763 se

222 2798 473 2893 accersebant,
512 2825 589 2873 non
629 2802 824 2891 recusavit,
861 2801 924 2873 sed
960 2802 1125 2900 protinus
1159 2821 1284 2876 eorum

221 2918 339 3016 paruit
351 2917 543 3007 voluntati3
561 2917 845 3016 ingredientique
861 2919 1053 3010 civitatem,
1067 2943 1149 2992 raro
1165 2921 1284 2994 admo

223 3028 310 3104 dum
328 3032 495 3125 satellite,
522 3035 641 3107 statim
659 3059 788 3131 magna
815 3033 920 3106 turba
939 3034 1130 3120 hominum
1159 3062 1284 3132 eorum

222 3147 354 3243 quires
370 3173 482 3223 novas
496 3150 817 3229 etomniatunbati
834 3175 973 3250 semper.
1002 3167 1193 3251 exoptant,
1213 3154 1287 3252 ejus

224 3262 323 3335 lateri
337 3288 374 3334 se
388 3263 568 3361 adjunxit,
584 3266 635 3339 sic
646 3267 759 3365 quod,
777 3267 877 3339 nulio
892 3269 1037 3363 negotio
1051 3268 1222 3368 nullaque
1243 3297 1284 3344 ex

223 3376 373 3450 adverso
395 3377 479 3453 data
506 3382 716 3477 renitentia,
745 3382 840 3455 illico
859 3383 998 3455 civitate
1024 3385 1120 3456 velut
1135 3385 1285 3485 imperio

223 3505 276 3563 est
298 3495 452 3591 potitus3
479 3495 607 3595 hisque
623 3498 681 3571 vel
705 3498 919 3599 profligatiS,
938 3500 994 3571 vel
1022 3499 1198 3597 dejectis',
1226 3506 1285 3600 qui

224 3607 446 3705 magistratus
460 3626 566 3689 antea
583 3629 760 3710 gesserant
772 3640 816 3688 ex
827 3616 1008 3705 voluntate
1022 3614 1217 3714 pontificis,
1233 3644 1285 3692 se·

222 3724 502 3825 cedentibusque
515 3754 536 3801 e
551 3731 691 3806 civitate
707 3731 877 3805 munibus
892 3733 1032 3805 vicariis
1046 3748 1080 3806 et
1107 3734 1285 3811 officiariis

221 3843 400 3943 episcopi,
424 3845 512 3918 alios
532 3848 757 3944 magistratus
785 3872 899 3920 novos
916 3848 988 3920 illic
1002 3874 1068 3948 pro
1087 3866 1174 3923 voto
1191 3853 1285 3926 insti·

222 3958 307 4048 tuit;
340 3960 527 4060 clavesque
558 3977 743 4061 portarum
772 3965 921 4037 civitatis
959 3963 1006 4038 ab
1039 3966 1104 4062 eis,
1129 3993 1283 4066 quorum

261 4118 290 4176 i.
311 4117 338 4177 tt
353 4117 430 4176 avait
445 4130 569 4178 soutentt
582 4119 724 4180 l'election
739 4120 777 4180 de
790 4120 905 4180 oisbert
920 4121 958 4180 de
969 4122 1144 4184 Bredemde'.

259 4211 287 4269 2.
311 4217 359 4271 Sic
372 4211 523 4272 Matthaeus
536 4236 545 4286 ;
559 4216 672 4274 amissis
683 4213 755 4272 dans
768 4215 795 4273 le
810 4235 863 4273 ms.
879 4218 1026 4275 Peut-etre
1039 4225 1160 4279 omissis.
