2946 5070
163 505 201 562 Μ
436 504 691 562 ΕΙὸΊὈΒΙΔΒΗΙί
711 505 888 562 woovtm
907 506 951 561 xl

164 638 250 727 lirit,
264 651 300 708 et
313 659 404 707 saeva
417 659 524 733 supra
540 636 696 708 solimm.
721 638 811 707 Visae
830 651 913 708 sunt
934 638 1066 737 pluries
1088 639 1226 710 hiemes

162 753 268 825 fuisse
290 751 404 823 multo
430 752 609 847 longiores
628 770 665 825 et
683 753 764 853 plus
786 755 939 847 nivo&
959 755 1020 828 sed
1041 758 1226 829 anemine

162 883 248 940 tunc
273 867 468 939 viventium
496 867 653 963 aliquam
678 892 762 940 cum
794 883 893 940 tanto
925 869 1005 965 gelu
1035 873 1225 968 asperitate

162 997 269 1079 atque
285 983 415 1054 saevitia
432 982 542 1053 visam
557 982 752 1079 aliquando
768 983 895 1075 finisse,
912 984 1021 1080 vulgo
1042 1009 1063 1057 a
1086 988 1225 1057 cunctis

162 1097 352 1170 serebaurr.
382 1099 500 1168 Prima
524 1097 618 1171 illius
638 1123 742 1197 pars,
760 1098 947 1198 paululum
972 1102 1091 1172 minus
1112 1126 1220 1192 saeva,

162 1215 361 1286 natalitium
376 1214 567 1286 Salvatoris
581 1216 756 1312 praeoessit
771 1215 868 1287 diem
881 1247 893 1307 ;
909 1217 1066 1288 secunda
1078 1240 1180 1304 vero,
1202 1241 1223 1289 a

161 1331 281 1402 medio
292 1331 445 1425 januarii
456 1354 568 1426 usque
579 1355 692 1428 prope
706 1329 865 1403 medium
879 1330 1061 1404 februarii¹
1073 1331 1221 1419 durans,

162 1447 357 1518 recidivum
379 1446 460 1540 gelu
474 1460 580 1542 atque
598 1446 828 1540 rigidissimos
840 1447 977 1542 algores
992 1461 1028 1519 et
1042 1444 1224 1546 prioribus

161 1562 276 1634 multo
291 1563 454 1634 saeviores
470 1563 673 1660 reportavit.
697 1566 861 1651 Quorum
879 1563 1106 1635 mortificatio
1131 1565 1224 1636 adeo

161 1691 292 1750 terram
308 1677 448 1770 alllixit,
478 1692 517 1749 ut
532 1680 640 1750 etiam
668 1703 834 1776 proceres
859 1678 1006 1751 arbores
1027 1693 1062 1750 et
1086 1703 1225 1753 annosa

163 1793 312 1884 robora,
337 1793 468 1891 quibus
490 1797 685 1867 anteriores
700 1794 837 1866 hiemes
863 1795 1011 1866 minime
1034 1795 1225 1892 praevalere

162 1924 370 2008 potuerant,
388 1910 560 2011 plurimas
576 1911 819 1981 exstinxerrmt
831 1925 868 1982 et
883 1909 1000 1982 aridas
1014 1910 1221 1983 effecerunt.

161 2027 403 2122 Congelarunt
430 2029 538 2100 etiam
564 2026 750 2098 vinearum
774 2025 960 2124 palmites,
983 2039 1019 2098 et
1037 2027 1225 2125 plerasque

161 2143 329 2216 radicitus
341 2166 499 2215 arescere
516 2142 675 2213 lecerunt
692 2141 729 2212 in
746 2141 868 2213 multis
882 2142 1079 2213 Galliarum
1094 2156 1130 2213 et
1141 2144 1226 2214 Ger-

161 2259 288 2331 maniae
309 2259 520 2356 provinciis3
552 2256 601 2328 ob
625 2280 734 2353 quam
753 2282 920 2350 causam,
944 2282 1009 2356 per
1036 2255 1225 2329 biennium

162 2388 263 2473 post,
283 2375 406 2445 raritas
422 2387 457 2444 et
473 2373 613 2445 caristia
630 2373 798 2444 vinorum
819 2396 927 2470 supra
941 2373 1087 2445 solitum
1102 2396 1225 2445 conse·

161 2503 250 2562 eutae
266 2502 349 2560 sunt
361 2490 384 2556 ¹.

208 2607 297 2676 Tota
329 2618 448 2676 autem
475 2601 535 2673 illa
568 2602 684 2674 hieme
718 2603 947 2696 decurrente,
973 2602 1062 2674 nihil
1092 2603 1224 2700 scriptu

161 2721 311 2816 dignum
333 2720 425 2791 inter
448 2743 566 2814 regem
584 2734 620 2790 et
642 2717 888 2790 Flandriarum
907 2733 1017 2790 terras
1040 2718 1226 2791 actitatum

161 2851 224 2910 est.
245 2838 348 2909 Circa
361 2859 447 2908 vero
465 2850 604 2931 tempus
624 2836 785 2923 vernale,
808 2848 932 2930 treuga
949 2834 1112 2905 annualis
1135 2835 1227 2907 inter

162 2968 279 3052 partes
302 2966 406 3052 pacta
435 2965 471 3023 et
495 2963 663 3042 tractata,
690 2974 713 3023 a
740 2940 901 3023 kalendis
928 2951 1013 3022 maii
1037 2974 1149 3048 usque
1180 2952 1225 3023 ad

162 3068 324 3140 ultimam
341 3067 437 3139 diem
454 3065 591 3163 aprilis,
611 3065 756 3137 evoluto
774 3088 891 3157 anno,
911 3064 1106 3137 duratura:
1128 3066 1226 3138 nulla

121 3240 124 3245 .
162 3195 281 3255 tamen
296 3182 595 3282 commerciorum
611 3179 774 3254 libertate
790 3179 877 3253 hinc
894 3181 978 3254 inde
992 3182 1222 3272 commissa'3

162 3298 225 3372 sed
257 3298 303 3371 ab
334 3322 518 3371 armorum
547 3295 796 3369 tantummodo
829 3298 995 3369 exercitio
1022 3296 1225 3370 abstentum

204 3589 231 3644 l.
257 3590 345 3646 ileo.

202 3684 231 3737 2.
254 3683 409 3758 comparer
422 3680 449 3738 la
463 3680 636 3757 description
654 3679 693 3738 du
714 3683 808 3738 meme
828 3680 910 3738 hiver
927 3699 980 3758 pur
996 3679 1126 3749 lllolinet,
1142 3691 1163 3736 t.
1179 3683 1222 3752 11,

161 3774 208 3832 ch.
225 3794 311 3834 ιω.

204 3871 231 3925 3.
255 3867 350 3925 Plutdt
377 3887 515 3924 concessa.
548 3866 667 3924 D'autre
695 3879 760 3945 part
785 3867 908 3925 l’auteur
935 3864 1062 3923 confond
1088 3864 1116 3922 la
1145 3866 1225 3923 treve

163 3961 199 4020 de
214 3963 293 4020 ileo
305 3980 376 4020 arec
393 3961 464 4020 celle
484 3960 520 4019 de
540 3961 653 4020 l’annee
669 3961 810 4020 suivante.
827 3965 868 4020 La
884 3961 964 4018 treve
978 3959 1014 4017 de
1029 3960 1126 4030 tuso,
1144 3958 1225 4017 selon

163 4055 191 4112 ln
203 4054 367 4132 chronique
381 4055 582 4125 scandaleuse,
598 4057 641 4114 lut
654 4055 751 4133 signee
763 4073 801 4114 au
814 4055 886 4113 mois
907 4053 1006 4113 d’aodt
1030 4078 1043 4104 a
1064 4071 1139 4130 pour
1162 4064 1225 4130 sept

164 4148 252 4217 mois,
271 4147 342 4206 dont
362 4149 402 4206 les
422 4150 491 4208 trois
511 4149 648 4228 premiere
662 4148 796 4207 devoient
815 4150 874 4206 etre
896 4145 1079 4217 marchands,
1099 4145 1140 4203 les
1156 4146 1224 4203 trois

163 4253 258 4300 nunes
276 4240 470 4301 d'absu'neuce
486 4242 522 4301 de
536 4262 655 4321 guerre,
670 4254 698 4299 et
711 4241 738 4299 le
751 4240 902 4319 septiesme
914 4240 951 4299 de
963 4238 1153 4317 represailles.
1168 4263 1181 4286 υ
