2946 5070
490 493 601 550 LIBER
620 493 772 553 tumus.
1109 499 1166 556 309

99 621 258 720 jusmodi
286 622 399 714 color,
427 646 536 720 quem
564 622 610 696 ad
630 624 855 698 suadendum
878 627 951 724 regi
978 652 1045 726 pro
1076 628 1169 701 obti-

102 738 223 812 nenda
243 738 442 811 revertendi
462 740 609 811 licentia
631 740 939 833 obtendebamus,
971 744 1063 838 regis
1092 747 1171 817 aui·

103 882 203 928 mum
232 857 297 934 ad!
312 858 539 929 retinendum
568 882 634 930 nos
663 859 743 951 illo,
776 859 1074 960 prosequentibus
1101 861 1170 933 illis

102 973 280 1046 sceleratis
312 988 347 1045 et
376 974 496 1072 impiis
521 973 752 1067 hominibus,
781 976 935 1048 maxime
961 975 1165 1062 inducebat.
1226 1040 1231 1047 .

102 1094 191 1178 Quae
208 1116 263 1167 res
284 1115 349 1188 per
365 1115 433 1163 nos
451 1091 571 1187 agnita
593 1117 637 1162 ex
655 1092 781 1166 talium
804 1093 916 1165 relatu
936 1093 1167 1186 nuntiorum,

101 1205 149 1278 ab
197 1207 351 1279 amicitia
398 1206 504 1279 nobis
545 1207 843 1304 conjunctissimis
882 1208 1166 1299 destinatorum,

102 1324 228 1396 anxios
244 1349 311 1396 nos
320 1323 424 1397 valde
434 1339 541 1422 atque
551 1325 710 1424 pavidos
729 1325 894 1420 faciebat,
914 1342 1174 1423 cognoscentes·

102 1440 210 1515 talem
230 1441 278 1513 ad
300 1467 366 1514 nos
391 1467 510 1537 regem
529 1468 572 1514 ex
591 1443 779 1517 calumniis
801 1447 1037 1543 pessimorum
1050 1445 1168 1518 homi·

102 1580 191 1627 num
207 1580 328 1652 gerere
349 1556 582 1629 voluntatem.
610 1563 681 1631 Nec
704 1560 866 1659 prolecto
883 1562 1039 1658 quietem
1060 1561 1170 1633 ullam

102 1672 213 1746 animi
231 1673 287 1744 vel
301 1674 463 1771 corporis
475 1673 627 1747 subinde
641 1676 802 1764 invenire
823 1677 1019 1775 pqtuimus,
1039 1675 1168 1770 donec,

102 1787 289 1861 Sabaudiae
311 1802 422 1861 terras
436 1790 607 1885 ingressi,
627 1791 726 1862 velut
747 1816 869 1889 passer
886 1807 1028 1890 ereptus
1052 1791 1098 1864 de
1122 1790 1172 1864 la·
1253 1796 1276 1835 '

103 1904 203 1999 queis
218 1904 446 1994 venantium,
472 1905 594 1979 divina
619 1932 687 1979 uos
712 1921 920 2006 protegente
944 1923 980 1980 et
997 1907 1171 2004 dirigente

103 2019 316 2111 clementia,
336 2020 382 2092 de
398 2021 506 2092 tantis
522 2022 689 2119 periculis
704 2021 844 2097 liberati
858 2024 1004 2096 fuimus.

153 2140 234 2207 Haec
259 2135 364 2232 igitur
396 2139 584 2209 necessitas
614 2163 681 2211 nos
697 2139 811 2211 tenuit
835 2163 913 2236 quae
939 2153 1049 2212 terras
1068 2139 1170 2235 regiae

103 2253 249 2326 ditionis
275 2255 370 2325 exire
395 2254 641 2354 compelleret,
662 2257 691 2328 si
714 2271 842 2330 nostrae
866 2254 988 2346 saluti,
1013 2259 1041 2329 si
1066 2257 1171 2330 liber·

104 2370 186 2459 tati,
223 2371 252 2441 si
285 2370 362 2441 vitae
389 2372 593 2443 consultum
624 2397 700 2444 esse
733 2374 913 2446 vellemus.
946 2378 1018 2447 Nec
1048 2389 1170 2447 tamen

104 2485 288 2556 omisimus
301 2509 428 2557 curare
448 2499 484 2556 et
506 2501 663 2583 satagere
685 2500 724 2557 ut
741 2487 833 2583 regis
853 2489 1014 2560 animum
1038 2488 1084 2560 ad
1101 2488 1170 2560 cle·

104 2601 275 2675 mentiam
293 2625 376 2701 erga
404 2627 483 2692 nos,
508 2603 538 2674 si
561 2602 753 2675 exorabilis
772 2603 909 2695 suisset,
931 2604 1165 2675 flecteremus.

105 2721 194 2790 Nam
213 2732 248 2789 et
264 2743 329 2816 per
347 2744 451 2799 suum
462 2717 672 2816 predictum
689 2721 871 2809 nuntium,
888 2720 950 2815 qui
967 2742 1047 2790 suas
1065 2716 1171 2789 nobis

104 2836 270 2934 epistolas
297 2834 523 2927 reddiderat,
543 2851 582 2910 ¹et
603 2836 733 2910 deinde
759 2862 824 2935 per
841 2838 1029 2936 proprium
1051 2835 1170 2934 capel-

104 2952 249 3041 lanum,
275 2977 383 3051 quem
408 2953 515 3048 hujus
542 2954 593 3026 rei
621 2955 731 3050 gratia
754 2954 803 3027 ad
829 2955 947 3055 ipsum
972 2969 1008 3025 et
1032 2953 1170 3025 curiam

104 3092 206 3140 suam
229 3068 412 3171 misimus,
432 3070 566 3142 litteras
590 3068 637 3141 ad
659 3095 743 3141 eum
760 3071 964 3168 scripsimus
987 3069 1088 3140 omni
1104 3068 1171 3139 hu·

105 3185 251 3257 militate
279 3200 316 3258 et
336 3189 532 3259 reverentia
552 3187 693 3285 plenas,
713 3185 844 3284 quibus
859 3187 1065 3285 suppliciter
1085 3210 1171 3258 exo·

104 3300 272 3375 rabamus
283 3303 502 3400 majestatem
519 3326 621 3374 suam
635 3317 810 3398 quatenus
828 3327 896 3374 nos
907 3302 953 3375 ad
969 3316 1078 3374 terras
1094 3301 1171 3374 illas

104 3419 297 3495 Catalonioe
312 3422 439 3501 reverti
462 3421 609 3492 minime
630 3435 791 3517 urgeret,
812 3421 876 3493 sed
894 3421 1039 3495 licentia
1062 3422 1171 3494 acle·

104 3535 238 3611 mentia
259 3559 323 3609 sua
354 3536 460 3610 nobis
483 3538 640 3626 indulta,
661 3538 707 3609 de
729 3561 801 3633 qua
822 3538 905 3610 satis
925 3562 1032 3644 supra
1048 3537 1172 3609 menri·
1291 3594 1296 3606 .

104 3653 235 3742 nimus,
255 3654 362 3750 potiri
378 3668 414 3725 et
429 3653 583 3750 gaudere
600 3654 837 3753 permitteret3
856 3654 930 3743 vel,
954 3655 984 3726 si
999 3655 1171 3753 placitum

105 3794 180 3843 non
200 3783 290 3841 esset
305 3769 423 3841 eidem
440 3795 511 3842 suae
529 3771 702 3869 majestati
719 3786 759 3842 ut
778 3770 870 3844 inira
888 3771 986 3866 regni
1005 3770 1060 3842 sui
1079 3770 1171 3847 limi·

103 3897 158 3956 tes
173 3909 410 3975 moraremur,
429 3887 587 3959 conteuti
612 3911 752 3960 eramus
772 3885 876 3977 alibi,
903 3911 965 3958 seu
987 3886 1026 3955 in
1049 3884 1169 3974 ltalia,

104 4025 167 4072 seu
183 4002 220 4072 iu
238 4002 449 4090 Germania,
473 4001 648 4097 quamdiu
667 4026 735 4075 uos
752 4003 867 4101 patria
883 4001 1006 4074 abesse
1026 4000 1059 4072 ei
1076 3999 1173 4073 colli·

104 4117 258 4208 buisset,
279 4118 484 4191 delitescere
501 4134 536 4190 et
550 4118 715 4192 exsulari.

155 4233 451 4334 Propouebamus
479 4235 587 4308 etiam
620 4236 855 4310 excusationis
882 4258 1027 4324 causas,
1060 4257 1171 4332 quare
