2946 5070
184 436 241 494 att.
611 427 815 499 immota,

183 569 234 639 uti
250 544 351 639 casus
372 581 491 638 noster
508 562 649 654 exstitit,
669 558 856 632 sedetiam
875 573 1152 658 persecutorum
1168 583 1252 630 suo·

181 709 262 755 rum
283 682 416 754 minaci
438 693 611 779 potestate
630 675 836 775 compulsos
853 675 926 746 sive
946 676 1156 766 exterritos,
1175 674 1252 747 abs·

181 825 252 897 que
279 799 374 894 justa
405 795 681 895 reprehensione
712 792 768 864 vel
798 791 999 864 offensione
1030 792 1126 864 licite
1145 816 1252 890 posse

179 915 280 988 sedes
308 928 343 985 et
369 912 492 1012 plebes
515 936 596 984 suas
626 910 808 999 deserere,
835 922 871 979 et
895 908 1188 1005 persequentium
1215 934 1252 980 se

179 1031 437 1104 malevolentiae
452 1027 678 1120 subtrahere,
694 1050 737 1098 ac
751 1040 827 1098 tuta
845 1024 995 1098 latibula
1010 1025 1248 1122 exquirendo,

179 1147 347 1220 saevitiam
361 1170 487 1216 eorum
503 1159 610 1242 atque
628 1143 785 1214 furorem
802 1141 994 1234 declinare,
1014 1141 1078 1213 ubi
1093 1141 1183 1229 sola,
1199 1144 1249 1214 uti

180 1287 272 1362 saepe
288 1260 454 1349 diximus,
474 1261 625 1359 pastoris
641 1281 794 1358 persona
808 1255 1055 1356 persequenda
1064 1259 1247 1354 quaeritur,

181 1391 218 1450 et
233 1400 296 1475 per
314 1374 403 1446 alios
425 1376 606 1447 ministros
625 1375 776 1446 idoneos
792 1373 934 1444 interim
954 1373 1115 1445 ecclesiae
1127 1387 1162 1445 et
1175 1374 1249 1472 ple·

183 1490 286 1563 bium
304 1490 407 1577 saluti
430 1491 662 1563 ministratur.
684 1493 772 1577 Quae
792 1489 820 1560 si
844 1487 962 1561 forsan
986 1489 1161 1584 cuiquam
1185 1492 1250 1560 mi·

183 1608 279 1678 nime
308 1605 532 1696 suffecerint,
560 1606 707 1681 stultum
730 1618 765 1675 et
791 1603 1019 1679 temerarium
1035 1603 1251 1679 arbitramur

181 1738 308 1796 contra
324 1721 573 1819 hujuscemodi
590 1721 822 1820 pertinaciam
839 1720 930 1793 velle
943 1721 1094 1805 ulterius
1106 1735 1251 1794 conten·

183 1838 281 1931 dere,
299 1852 335 1911 et
351 1837 398 1910 ad
413 1837 697 1938 patefaciendam
709 1836 1027 1910 luculentissimam
1042 1851 1078 1908 et
1089 1838 1252 1910 manifes-

183 1954 356 2025 tissimam
375 1954 560 2027 veritatem
578 1953 734 2025 rationes
757 1975 800 2023 ac
816 1965 919 2024 testes
943 1952 1033 2024 alios
1057 1953 1249 2046 adducere,

184 2097 284 2164 cum,
306 2072 434 2170 procul
455 2071 589 2165 dubio,
611 2096 689 2169 quae
717 2083 952 2143 annectentur
968 2071 1054 2144 satis
1075 2097 1252 2171 superque

184 2188 266 2259 satis
297 2186 514 2286 abundeque
539 2187 676 2260 cunctis
701 2181 828 2258 merito
859 2186 997 2284 possint
1031 2203 1068 2260 et
1097 2188 1253 2263 debeant

185 2300 375 2375 sufficem'.

493 2562 749 2633 ctettttttttt
767 2564 932 2632 ,xxvttt

403 2806 406 2813 ²
459 2744 557 2796 ltemm
582 2743 634 2797 alia
657 2741 805 2796 testimonia
828 2741 863 2797 ad
884 2741 964 2809 idem.

236 2909 324 2976 Item
343 2928 452 3003 super
464 2901 551 2976 illud
569 2903 742 2977 lobannis
763 2909 824 2976 1v⁰
845 2932 853 2976 :
880 2936 897 2971 ιι
918 2909 964 2976 Ut
980 2930 1067 3002 ergo
1085 2910 1253 3005 cognovit

186 3025 286 3093 lesus
304 3021 389 3116 quia
405 3020 595 3093 audierunt
613 3021 774 3093 Pharisaei
799 3023 883 3119 quia
897 3017 998 3093 Jes'us
1013 3023 1136 3120 plures
1152 3024 1253 3095 disci·

186 3136 291 3235 pulos
314 3135 397 3208 facit
418 3150 454 3208 et
480 3135 636 3234 baptizat
652 3142 762 3235 quarn
779 3139 979 3230 lohannes,
1005 3153 1092 3231 etc,
1114 3141 1254 3238 reliquit

186 3255 345 3327 Jndaeam
373 3271 408 3328 et
430 3256 518 3338 abiit
545 3261 674 3331 iterum
698 3260 735 3358 in
761 3260 966 3353 Galilaeam,
990 3287 1007 3327 n
1030 3260 1118 3332 dicit
1147 3261 1255 3358 Chry·

185 3387 381 3466 sostomns,
409 3379 504 3446 etc'

234 3484 296 3555 His
314 3490 421 3583 atq'ue
438 3486 515 3558 aliis
533 3487 780 3560 consimilibus
796 3489 1030 3580 testimoniis,
1057 3514 1078 3560 e
1099 3514 1255 3587 quorum

186 3602 368 3674 nonnullis
385 3626 469 3673 usus
485 3616 537 3674 est
553 3603 678 3676 beatus
691 3605 911 3693 Athanasius,
930 3605 969 3676 in
985 3605 1085 3677 libris
1102 3632 1195 3704 quos
1212 3607 1257 3678 de

225 3809 253 3865 l.
277 3811 331 3866 [es
340 3807 472 3869 citatione
486 3808 536 3885 qui
550 3809 665 3868 suivent
678 3812 940 3890 sontempruntees
956 3814 973 3869 a
987 3811 1064 3870 saint
1080 3816 1153 3871 Jean
1167 3813 1259 3890 Gbry·

182 3913 322 3975 sostorue,
338 3900 414 3960 saint
431 3903 591 3987 Augustin„
602 3904 676 3963 saint
698 3903 826 3976 Jerome,
845 3904 919 3964 saint
934 3905 1055 3980 Hilaire,
1084 3905 1257 3986 Theophila

183 3992 260 4053 dee
272 4009 300 4054 et
309 3997 423 4058 Nicolas
437 3998 473 4056 tle
487 3998 565 4060 Lire.
574 4003 662 4059 Jeme
676 4001 734 4059 suis
744 4001 879 4080 explique
893 3999 965 4059 dans
978 4000 1006 4058 la
1019 3999 1118 4059 notice
1130 4001 1260 4080 prelimi·

181 4087 263 4146 naire
276 4090 440 4166 (ci-dessus,
458 4114 484 4172 p.
505 4096 537 4151 tt
546 4095 575 4166 l)
588 4111 638 4151 sur
652 4094 681 4152 la
693 4093 789 4153 raison
803 4095 853 4172 qui
863 4113 910 4154 me
923 4094 996 4152 lesa
1012 4093 1062 4152 fait
1078 4095 1257 4173 supprimer.

222 4183 249 4240 2.
275 4185 464 4264 suppression
477 4187 529 4246 des
536 4187 667 4247 citatious
677 4231 686 4261 ,
697 4207 811 4248 comme
824 4189 896 4248 dans
906 4188 935 4248 le
943 4188 1073 4269 cbapioe
1085 4189 1256 4268 precedent.
