2946 5070
204 477 260 532 toa
473 476 730 543 fflsroltmttunt
751 476 928 555 Lunovlct
949 479 990 533 xl

203 608 322 680 nullus
340 624 416 683 erat
430 609 486 679 vel
505 632 627 699 rarus,
643 607 705 704 qui
722 605 769 678 ab
787 607 837 678 eis
852 607 909 678 vel
923 632 1050 707 operas
1069 624 1265 707 expeteret,

202 725 258 797 vel
278 723 474 800 artificata¹
500 736 746 821 compararet,
770 747 900 822 magna
924 724 1047 822 inopia
1067 724 1268 823 pariterque

203 841 322 915 inedia
344 841 447 914 samis
461 840 728 940 premebantur.

251 962 349 1046 Quas
378 957 496 1030 clades
518 957 626 1029 etiam
649 956 808 1060 plurium
836 980 934 1027 mors
959 968 1067 1053 atque
1088 956 1265 1048 interitus,

203 1091 279 1148 tum
291 1101 333 1148 er
348 1075 514 1173 moestitia
530 1089 566 1147 ct
585 1074 704 1166 luctu,
719 1087 797 1146 tum
807 1073 916 1171 variis
927 1097 970 1145 ex
985 1071 1266 1173 aegqitudinibus‚

202 1216 290 1290 quas
316 1192 426 1263 fames
449 1205 485 1262 et
509 1191 660 1288 penuria
684 1188 890 1284 victualium
913 1187 1176 1298 parturiebant,
1196 1190 1269 1286 qui·

119 1371 126 1384 .
201 1308 270 1380 bus
287 1321 435 1407 perante
464 1305 679 1378 sufficienter
700 1307 794 1378 vesci
820 1305 915 1378 soliti
940 1320 1060 1397 erant,
1085 1306 1267 1402 evestigio

201 1437 285 1496 sunt
300 1424 482 1495 consecuti
498 1450 507 1511 ;
526 1423 562 1527 ip
580 1438 789 1520 tantumque
809 1437 862 1494 est
876 1422 1049 1509 adauctus
1065 1423 1268 1519 mendicans

202 1542 291 1612 tium
307 1564 478 1612 numerus
499 1539 688 1635 cujuslibet
704 1540 814 1612 aetatis
828 1553 935 1637 atque
953 1564 1075 1633 serus,
1095 1554 1137 1611 ut
1153 1540 1197 1631 de
1218 1541 1268 1640 ip,

201 1656 248 1727 sis
271 1681 334 1754 per
352 1668 463 1728 totam
484 1679 584 1753 paene
604 1655 785 1728 civitatem
806 1655 930 1753 plateae
944 1654 1178 1754 replerentur.
1200 1657 1267 1744 Qui

202 1773 337 1860 nedum
357 1798 401 1845 ex
419 1773 561 1845 civitate
579 1788 702 1864 erant3
721 1773 784 1845 sed
802 1772 910 1845 etiam
923 1798 966 1845 ex
983 1773 1108 1864 vicinis
1127 1773 1220 1845 villis
1235 1789 1269 1851 et

202 1889 295 1984 agris
328 1887 392 1960 ubi
418 1889 562 1962 enutriti
596 1888 757 1978 fuerant,
784 1889 948 1984 adigente
971 1890 1198 1981 necessitate,
1223 1889 1269 1964 ad

202 2005 381 2078 civitatem
403 2030 470 2104 pro
492 2007 590 2077 victu
612 2007 812 2080 necessario
840 2005 907 2093 sibi
928 2005 1159 2105 procurando
1184 2031 1268 2079 con·

203 2121 375 2218 fugerant.
405 2127 558 2222 Eratque
571 2125 752 2196 miserum
769 2137 805 2195 et
820 2122 1049 2195 lamentabile
1065 2121 1188 2195 videre
1204 2124 1267 2207 im·

201 2236 336 2333 pletum
350 2238 387 2308 in
401 2238 473 2309 hoc
484 2237 622 2336 populo
634 2237 734 2335 quod
747 2239 784 2311 in
799 2239 964 2329 Thmnis,
977 2263 1041 2337 per
1056 2237 1268 2337 prophetam

202 2352 407 2444 Jeremiam,
447 2352 498 2424 dc
533 2354 757 2451 ierosolymis
790 2353 932 2450 lugubri
960 2355 1117 2426 carmine
1149 2369 1267 2428 canta·

202 2483 279 2538 tum
311 2467 394 2560 fuit,
422 2467 541 2565 quod,
569 2500 585 2535 α
614 2471 676 2567 qui
703 2471 802 2568 prius
830 2469 1079 2545 nutriebantur
1109 2471 1264 2563 croceis,

202 2586 391 2683 amplexati
414 2602 497 2657 sunt
521 2601 691 2660 stercora.
720 2618 737 2655 n
768 2592 982 2684 perurgente
999 2587 1096 2660 enim
1118 2588 1266 2684 penuria

82 2748 88 2757 ·
203 2699 376 2796 famisque
406 2700 542 2791 inedia,
571 2701 746 2774 vilissimis
778 2717 814 2774 et
840 2717 923 2774 ante
950 2720 1106 2800 prorsus·
1121 2703 1265 2775 insuetis

202 2814 291 2887 cibis
302 2816 463 2914 plerique
476 2815 757 2890 mendicantium
770 2816 1018 2891 vescebantur.
1036 2822 1078 2889 Et
1094 2819 1265 2916 superbis

201 2934 348 3031 quidem
374 2934 686 3034 compatiebantur
705 2952 741 3007 et
768 2935 1031 3033 congemebant
1056 2938 1179 3029 mtdti3
1205 2931 1269 3025 sed⁴

202 3049 437 3123 subveniebat
450 3051 580 3123 nullus.
596 3056 685 3124 Nam
700 3053 762 3149 qui
774 3052 847 3125 hoc
860 3055 926 3126 soli
940 3053 1156 3152 potuissent,
1171 3078 1266 3126 aver-

203 3191 261 3238 sos
277 3193 422 3264 prorsus
437 3167 620 3241 habebant
635 3194 657 3242 a
673 3170 961 3243 reconciliatione
976 3184 1010 3240 et
1026 3193 1114 3268 pace
1129 3170 1271 3267 animos

202 3280 409 3356 obduratos.
449 3283 553 3356 Unde
579 3301 614 3357 et
649 3285 838 3360 adversum
869 3288 1046 3367 civitatem
1074 3302 1116 3359 et.
1137 3288 1176 3371 in
1205 3310 1271 3371 eos,

202 3399 326 3469 odium
341 3400 497 3498 plurium
513 3401 641 3474 animis
658 3401 898 3476 cumularunt.

243 3626 270 3678 1.
294 3621 396 3680 Matth.
412 3622 588 3698 artificialia.
