2946 5070
569 455 679 515 Hm
698 455 887 519 semotos.
1199 459 1257 524 Μ

200 611 289 688 etet,
305 595 443 686 mitto,
459 588 652 664 eliumeitti
676 610 796 687 regem
810 590 1001 685 sublimare
1017 602 1256 688 attentassent,

200 708 436 809 contigisset),
455 705 521 778 tuit
532 704 730 778 ouebntm
749 719 785 777 et
806 705 949 780 nubitur
969 722 1120 805 mtgnut
1139 723 1186 788 et·
1199 724 1260 783 eo·

200 828 329 902 temnit
343 838 541 897 conventus
555 824 675 894 Trium
689 825 852 896 statuum
868 826 976 900 notius
995 828 1095 924 regni
1106 836 1144 900 et
1156 820 1263 900 Delii-

200 961 325 1039 nentes,
353 943 493 1016 Porieiiu
506 945 528 1012 ¹.
555 942 603 1012 in·
617 961 694 1038 qno
706 941 933 1015 concorditer
953 962 1020 1041 per
1048 946 1175 1019 omnen
1195 943 1262 1016 ittt·

196 1058 398 1162 jutmmodi
418 1056 540 1129 Trium
561 1058 726 1129 statuunt
747 1057 924 1132 totemnee
949 1058 1101 1155 legntoe,
1129 1061 1192 1161 qui
1215 1059 1263 1134 tie

201 1175 371 1253 omnibut
385 1173 578 1274 provinciis
597 1171 792 1245 Gallienum
808 1167 870 1247 ilio
889 1188 1144 1268 convenerunt,
1165 1175 1262 1248 uniti-

201 1296 335 1368 cienter
349 1291 396 1367 de
408 1288 466 1363 hie
478 1307 557 1389 qum
571 1289 644 1361 iilic
665 1290 804 1385 egendt
818 1291 1068 1365 incumberent
1078 1294 1260 1385 instructi,

200 1401 414 1499 eoncordia,
432 1419 519 1478 toto
535 1419 572 1478 ot
595 1398 785 1498 desiderio,
811 1405 858 1483 de
878 1409 984 1480 tanin
999 1407 1263 1505 mvnmnibut

201 1541 237 1601 tt
252 1516 556 1625 oppressionibus,
572 1538 651 1620 qum
663 1521 731 1594 nub
743 1521 913 1596 deiitnoto
928 1525 1159 1625 pettttimint,
1175 1538 1263 1622 qut·

201 1641 293 1717 relus
311 1639 531 1737 gravissimas
555 1637 782 1738 exponendo,
797 1628 948 1737 petitum
964 1644 1035 1713 est'
1049 1665 1132 1713 oum
1154 1641 1265 1714 metiti*

203 1772 263 1830 nu
277 1774 426 1856 precum
441 1769 477 1827 et
499 1746 799 1857 supplicationum
813 1755 980 1829 instenttn
994 1754 1116 1828 sibiet
1128 1756 1265 1831 miserie

202 1873 302 1969 regui
329 1872 460 1946 accolis
492 1870 676 1972 prouideri
702 1871 871 1945 edtertut
899 1870 1136 1974 iniquissimus
1163 1870 1266 1947 edin·

202 1989 388 2063 tentiones
414 2001 452 2060 et
477 1988 680 2085 tyrannicae
707 1989 972 2088 oppressiones,
1050 2006 1089 2060 es
1121 1988 1196 2086 ipse
1224 1988 1262 2059 in

203 2128 310 2176 suunt
327 2127 479 2200 regnum
500 2105 698 2194 invexerat3
725 2122 870 2203 seseque
894 2117 931 2176 et
953 2120 1105 2200 regnunt
1128 2102 1262 2175 restitui

204 2236 240 2295 et
259 2222 382 2295 reduci
398 2221 444 2295 ad
469 2223 632 2321 antiquas
647 2220 826 2294 libertates
850 2236 886 2293 et
905 2222 1180 2297 consuetudines
1197 2218 1264 2293 sub

203 2337 349 2441 quibus,
375 2353 535 2437 tempore
561 2361 710 2417 suorum
734 2337 1004 2437 progenitorum
1025 2352 1061 2411 et
1083 2339 1265 2438 potissime

204 2454 314 2533 niun
342 2439 599 2529 monuimus
620 2455 739 2528 nurui
764 2442 849 2547 v11‚'
862 2455 1030 2552 genitum
1051 2457 1126 2550 tu,
1146 2458 1265 2529 vivere

204 2585 474 2643 consueverant.
498 2573 542 2643 Et
558 2584 658 2647 erent
675 2568 922 2666 hujuscemodi
940 2564 1165 2673 querelarum
1182 2573 1265 2644 arti·

206 2685 277 2757 culi
293 2686 384 2758 ultra
397 2687 682 2784 quinquaginta⁸.
702 2684 958 2782 Huiuscemodi
976 2688 1072 2758 enim
1089 2711 1265 2784 conques-

207 2800 344 2874 tionum
376 2816 411 2874 et
441 2828 588 2901 precum
618 2802 771 2902 proinde
797 2803 1003 2876 emissarum
1034 2817 1089 2873 tot
1111 2802 1265 2900 capitula

248 3098 278 3152 i.
299 3094 418 3149 Erreur.
437 3095 511 3149 Tout
527 3091 555 3148 le
571 3089 678 3148 monde
691 3089 743 3147 sait
764 3088 878 3166 quoles
896 3082 973 3148 Etats
988 3089 1135 3169 generunt
1158 3108 1266 3149 conro-

207 3185 278 3264 qtte's
294 3183 380 3262 apris
392 3182 420 3253 ia
435 3194 511 3242 mort
524 3180 560 3240 de
574 3181 663 3240 Louis
675 3184 719 3241 XI
732 3180 963 3241 s’assembttrent
974 3185 991 3240 ὲ
1004 3186 1106 3242 Tours.

247 3281 278 3338 2.
301 3280 355 3335 Ms.
373 3268 554 3352 exponendos
563 3281 719 3353 petierunt.

249 3373 278 3428 3.
299 3373 340 3428 Le
353 3368 450 3427 cahier
463 3368 499 3426 de
512 3367 663 3426 dolennces
676 3368 808 3446 presente
822 3387 875 3446 par
885 3369 927 3426 les
940 3369 1060 3448 deputes
1073 3388 1132 3427 anx
1142 3358 1220 3428 Etntt
1233 3368 1269 3428 de

209 3467 288 3523 ttttt
303 3463 431 3522 contient
444 3482 479 3522 en
493 3464 562 3523 eiiet
579 3483 637 3524 une
654 3462 858 3541 cinquantaine
877 3463 1029 3523 d’nrticies.
1045 3465 1069 3522 li
1084 3477 1126 3521 est
1138 3464 1272 3542 imprime
1309 3531 1315 3543 ¹

209 3561 226 3615 i
242 3557 271 3615 ie
285 3555 358 3614 suite
372 3555 410 3614 du
421 3556 541 3614 Journal
553 3555 589 3614 de
602 3559 673 3614 Jenn
690 3556 835 3630 Musselin‚
853 3555 925 3615 dens
937 3556 965 3614 la
978 3557 1135 3616 Collection
1152 3555 1202 3615 dee
1218 3557 1270 3615 do-

209 3662 340 3709 cumento
352 3649 466 3707 inediis.
478 3653 495 3706 J
497 3669 550 3707 ean
559 3650 704 3720 Masselin,
715 3649 854 3728 principa!
864 3649 1015 3708 rt'edncteur
1029 3650 1064 3708 de
1079 3649 1269 3721 i’assembiee,

209 3743 277 3801 e'tait
296 3742 400 3820 depute'
419 3742 458 3800 du
473 3740 606 3822 bailiinge
618 3741 654 3800 de
668 3746 780 3801 Romen.
796 3743 820 3801 tt
838 3744 945 3802 adone
959 3744 1004 3801 ete
1022 3744 1105 3802 saciie
1119 3747 1136 3800 *a
1148 3743 1271 3801 'ihomas

209 3840 292 3896 Rasin
308 3836 344 3896 de
358 3856 388 3896 se
401 3856 540 3916 procuret·
553 3851 617 3897 tous
631 3838 672 3897 les
685 3839 864 3912 documents,
876 3838 1005 3898 d’autant
1018 3840 1083 3918 plus
1096 3838 1166 3916 qu’il
1180 3857 1198 3896 a
1210 3838 1271 3896 soin

210 3932 350 4006 d’ajouter
363 3932 448 4009 qu’iis
460 3933 557 3990 iurent
569 3932 732 4011 imprimes,
747 3945 775 3991 et
788 3953 841 4011 par
856 3935 1032 4012 consequent
1047 3930 1192 4009 repandus
1204 3934 1222 3988 t
1232 3951 1271 3989 un

210 4025 301 4104 grand
312 4025 434 4085 nombre
445 4026 673 4104 d'exemplnires.
687 4026 753 4086 ceta
764 4027 835 4086 rend
846 4027 870 4086 si
886 4028 1003 4105 &mange
1013 4025 1134 4084 l'erreur
1147 4023 1273 4102 signalee

211 4119 276 4197 plus
289 4119 422 4179 hauteur
435 4120 462 4178 ie
475 4121 532 4178 iieu
548 4123 587 4178 oti
599 4140 631 4178 se
644 4119 750 4177 tint-ent
764 4120 805 4179 les
818 4108 918 4192 Etate,
935 4119 1005 4197 qu'ii
1019 4141 1036 4196 y
1051 4139 1069 4177 a
1082 4131 1162 4178 toute
1177 4137 1271 4197 appa-

212 4231 296 4272 rence
309 4213 413 4290 qu’elie
429 4228 471 4271 est
485 4214 512 4272 le
526 4213 577 4272 tait
588 4213 629 4272 du
641 4213 759 4292 copiste.
