2946 5070
201 480 240 536 tt
474 478 729 537 msrcnlsnm
749 478 926 537 mnovln
944 479 987 536 xl

202 627 347 684 menet
377 613 535 710 potentia
570 637 645 682 non
675 612 786 683 modo
820 615 893 685 suis
929 610 1098 703 subditis,
1134 610 1198 681 sed
1228 624 1262 681 et

201 729 326 800 vicinis
339 729 441 800 terris
468 728 651 800 formidini
674 731 919 827 atqueterrcri
936 753 1077 828 semper
1102 726 1257 815 fuerant,

201 846 296 917 idem
312 872 397 918 suus
419 846 577 945 pontifex
600 847 782 945 privilegia
801 872 950 921 suorum
976 847 1112 918 civium
1135 843 1262 916 decur-

201 961 328 1053 tabat¹,
347 987 426 1060 quae
451 963 488 1033 in
510 961 666 1059 quadam
686 962 810 1035 cbarta
833 963 959 1035 dimmt
972 987 1011 1033 se
1027 959 1177 1052 habere,
1197 958 1261 1031 ob

199 1082 330 1152 servari
343 1079 594 1152 inviolabiliter
606 1105 629 1152 a
655 1081 728 1152 suis
741 1080 982 1179 pontificibus,
1000 1077 1090 1149 dum
1105 1078 1262 1176 primum

201 1194 237 1264 in
264 1194 469 1267 dominium
500 1209 536 1266 et
557 1197 818 1293 possessionem
849 1196 970 1295 patriae
998 1193 1259 1289 ingrediuntur,

199 1324 422 1382 sacramento
443 1311 596 1383 solemni
619 1312 731 1409 jurari
747 1327 931 1384 consueta.

244 1426 315 1498 Sed
339 1426 516 1523 quidquid
527 1429 681 1498 exterius
692 1429 910 1525 jactitarent,
923 1426 1038 1519 aliud,
1055 1449 1135 1524 quo
1152 1424 1263 1519 magis

200 1541 237 1612 in
265 1543 341 1640 ejus
375 1541 504 1614 odium
534 1542 830 1636 exardescebant,
862 1542 995 1617 latebat
1022 1542 1090 1614 sub
1119 1556 1264 1640 pectore

199 1657 373 1729 clausum.
405 1661 497 1729 Nam
526 1683 629 1750 cum,
661 1660 715 1731 uti
737 1657 881 1732 aiebant
895 1660 956 1757 qui
985 1682 1104 1730 mores
1132 1657 1264 1728 civium

198 1773 473 1869 Trajectensium
492 1773 540 1847 ab
569 1774 726 1870 antiquis
750 1774 973 1875 temporibus
1001 1772 1207 1872 exploratos
1230 1786 1265 1843 et

199 1890 339 1985 agnitos
366 1889 558 1984 haberent,
585 1892 671 1989 ipsi,
697 1891 822 1964 saltem
842 1892 957 1988 major
977 1916 1061 1990 pars
1083 1892 1261 1989 ipsorum,

200 2004 296 2076 velut
318 2005 487 2104 praecipui
518 2019 682 2077 auctores
703 2029 746 2078 ac
766 2007 1036 2106 pertinacissimi
1060 2006 1265 2078 defensores

199 2144 340 2218 semper
358 2120 502 2193 luerunt
522 2121 787 2194 Hoeckensium
807 2121 969 2195 factionis
993 2123 1032 2193 in
1053 2121 1156 2193 omni
1172 2121 1265 2192 circu

199 2235 365 2330 regione*
386 2264 395 2305 :
426 2260 536 2332 quam
566 2237 651 2332 quia
674 2236 946 2334 quodammodo
972 2237 1198 2336 depressisse,
1231 2250 1265 2307 et

201 2351 473 2426 Cabeliavenses
489 2354 654 2426 extulisse
671 2355 708 2425 in
739 2355 930 2428 Hollandia
943 2353 1154 2452 Burgundiae
1165 2358 1265 2455 prin·

200 2468 298 2567 cipes
320 2468 505 2567 Philippus
524 2484 561 2542 et
577 2471 726 2544 Carolus
751 2470 967 2563 ferebantur,
989 2471 1160 2544 adversus
1183 2496 1262 2560 eos,

199 2598 236 2655 et
266 2601 529 2684 consequenter
562 2612 668 2658 suum
690 2586 898 2686 pontificem
919 2602 956 2659 et
980 2601 1093 2659 totam
1115 2586 1265 2660 domum

203 2703 432 2799 Burgtmdiae,
460 2703 585 2775 odium
610 2718 711 2777 vetus
741 2719 817 2776 tum
850 2707 1125 2802 conceperant⁸3
1161 2705 1265 2776 simul

201 2819 308 2891 etiam
320 2820 493 2917 quoniam
514 2845 642 2893 eorum
656 2823 817 2920 potentia
832 2846 973 2921 semper
999 2821 1147 2894 eos'sub
1168 2837 1264 2894 metu

200 2951 237 3008 et
252 2951 386 3008 terrore
413 2938 652 3010 continuerat.
682 2941 809 3011 Vetere
825 2939 922 3010 enim
939 2937 1146 3037 proverbio,
1177 2963 1266 3036 quos

202 3052 269 3151 ipsi
298 3052 524 3147 memisseut,
558 3078 782 3152 consequens
813 3053 876 3125 luit
902 3055 1002 3151 quod
1035 3071 1070 3127 et
1100 3055 1261 3127 oderim:

205 3196 223 3233 u
243 3168 363 3254 Quem
380 3168 480 3241 enim
495 3182 678 3262 metuunt,
707 3166 884 3260 oderunt,
904 3198 921 3237 u
944 3171 1062 3269 inquit
1077 3173 1260 3244 comicus‘.

243 3478 273 3537 1.
295 3473 373 3555 ch.
385 3472 542 3549 d-dcsm
555 3496 587 3559 p.
602 3476 655 3549 81,
668 3488 740 3537 note
752 3479 781 3535 1.

240 3572 271 3629 2.
295 3571 430 3648 Origine,
441 3568 516 3631 «bns
527 3569 557 3629 lc
567 3569 736 3631 manuscrit.
750 3571 804 3630 ce
817 3582 919 3648 quinne
932 3582 1007 3629 mols
1019 3587 1178 3651 manquent
1194 3572 1263 3632 daris

240 3762 270 3819 3.
291 3755 506 3817 mmmm
522 3774 761 3835 remarqnerque
774 3755 898 3817 'lbcmas
913 3759 998 3817 Basin
1016 3759 1114 3819 donne
1133 3782 1193 3820 une
1207 3762 1263 3821 im·

199 3864 338 3930 portance
352 3849 495 3930 exiguae
510 3868 550 3909 sn
561 3848 630 3909 vid!
652 3850 741 3929 esprit
763 3848 800 3907 de
818 3851 911 3927 parti,
935 3849 1022 3929 qu'on
1045 3852 1089 3911 fut
1111 3852 1209 3934 obligo
1229 3854 1264 3912 dc

199 3942 774 4019 mmmmmtdsmcuoeoccsdcn
791 3962 867 4022 pour
885 3946 1042 4024 pallierles
1057 3949 1264 4008 tortsreelsde

197 4038 332 4118 leveque
344 4034 506 4098 tunsum

238 4136 269 4193 t.
291 4128 461 4193 llettbuis:
479 4132 582 4206 caras,
603 4144 635 4191 et
650 4152 688 4192 en
708 4143 799 4192 note:
820 4158 833 4183 ι
851 4133 915 4192 Vid.
938 4138 1058 4195 Sueton.
1077 4136 1110 4196 in
1129 4138 1261 4216 Caligul,

197 4246 262 4307 cap.
279 4247 349 4287 xxx.
365 4251 381 4280 ι
