2946 5070
179 490 239 548 2⁸2
603 484 803 554 ΑΡΟΙΟὓΙΛ,

180 635 300 697 mento
323 644 455 715 regem,
480 642 564 692 cum
595 618 644 691 ab
676 642 721 691 so
748 619 924 717 acciperet
957 620 1141 692 licsrrtiam
1169 621 1245 719 [ab-

179 734 315 836 eundi],
335 739 487 811 Parisius
506 735 574 808 sibi
600 737 674 833 lino
699 736 808 809 verba
828 736 958 809 dixisse
977 765 986 810 ε
1005 764 1025 805 s
1045 743 1097 810 lte
1112 763 1179 810 vos
1198 739 1244 812 ad

179 855 309 929 domos
322 868 455 928 vestras
472 854 509 926 in
533 854 808 943 Normanniams
829 855 974 952 recipite
993 853 1140 935 transm
1159 879 1243 927 nos·

179 989 275 1044 trum
300 973 337 1043 in
359 969 489 1044 ducem
509 984 545 1044 et
563 971 615 1065 si,
643 985 815 1068 tanquam
836 971 991 1070 principi
1011 986 1120 1069 atquc
1134 971 1243 1062 duci,

180 1087 331 1162 fideliter
346 1089 475 1159 servire
491 1101 527 1160 et
541 1109 666 1186 parere
682 1086 833 1160 studete.
856 1115 874 1154 s
973 1133 977 1141 ·

228 1210 334 1278 Facta
351 1229 437 1276 vero
454 1205 563 1301 ipsius
580 1205 730 1278 civitatis
746 1203 950 1297 deditione,
969 1204 1077 1276 nullis
1093 1204 1167 1276 lllic
1182 1208 1248 1279 mi·

181 1320 342 1395 litaribus
356 1321 469 1418 copiis
484 1321 657 1418 receptis,
680 1321 855 1394 exercitus
870 1320 918 1392 ad
935 1336 1047 1393 terras
1068 1321 1247 1394 inferioris

180 1437 407 1510 liormanniae
416 1435 624 1527 declinavit3
641 1451 691 1530 et,
705 1436 806 1537 quod
820 1436 965 1510 inlltiari
975 1437 1244 1533 consulumue,

182 1556 346 1654 exemplo
363 1569 471 1651 atque
485 1555 682 1627 imitatione
698 1554 822 1646 nostri,
847 1553 967 1654 plures
980 1553 1057 1626 alim
1071 1554 1244 1647 civitates,

182 1672 318 1771 oppida
333 1687 370 1742 et
382 1672 524 1744 castella
539 1673 732 1771 provinciae
743 1673 853 1746 etiam
866 1672 914 1746 ad
931 1671 1135 1773 parandum
1151 1694 1247 1744 novo

182 1789 267 1862 duci
290 1805 488 1888 spontanee
500 1813 577 1863 sese
593 1787 783 1863 dederunt.
804 1793 895 1863 Nam
911 1803 955 1860 et
967 1788 1140 1862 mmdan
1152 1791 1249 1886 regia

183 1909 302 1982 statim
326 1932 390 2006 per
416 1922 529 1981 totam
552 1909 777 2006 provinciam
805 1921 1059 1998 cucurrenrnt,
1090 1921 1129 1978 et
1160 1930 1249 1979 voce

182 2024 361 2122 prmoonis
385 2021 520 2119 ubique
535 2023 742 2096 solemniter
766 2023 948 2124 publicata
963 2032 1072 2119 atquc
1087 2023 1249 2097 iotlmatr

183 2141 344 2229 suerunt,
370 2140 503 2244 quibus
520 2166 581 2214 rex
598 2140 801 2215 insinuabat
818 2166 861 2215 er
876 2155 985 2241 pacto
1001 2139 1135 2213 loedere
1152 2141 1249 2214 dicto

184 2271 251 2328 suo
282 2281 453 2350 germano
488 2281 556 2355 pro
583 2258 816 2331 successionis
840 2270 997 2357 paterne
1026 2256 1250 2331 haereditaria

184 2374 351 2472 portione
373 2372 544 2445 ducatum
563 2375 791 2447 Normanniae
813 2372 953 2447 dedisse
978 2387 1016 2446 et
1039 2374 1247 2469 assignasse,

185 2488 361 2562 mundans
385 2486 555 2560 omnibus
579 2489 782 2584 civitatum,
808 2488 1029 2589 oppidorum
1055 2505 1163 2587 atque
1196 2514 1251 2564 ar·

185 2607 281 2679 cium
298 2603 506 2678 custodibus
524 2628 589 2678 seu
610 2606 804 2706 capitaneis
818 2621 996 2704 quatenus
1017 2605 1164 2679 easdem
1182 2608 1249 2681 sibi

184 2723 242 2794 vel
263 2747 285 2794 a
305 2747 343 2794 se
368 2721 565 2795 commissis
591 2720 721 2795 liberas
743 2720 878 2820 absque
908 2722 982 2795 ulla
1009 2725 1251 2797 remoratione

185 2839 353 2915 oederent
367 2853 402 2911 et
423 2836 694 2929 contraderent3
712 2837 882 2911 omnibus
897 2834 1005 2910 etlam
1020 2838 1251 2912 ecclesiarum

186 2957 354 3054 prolatis,
392 2952 604 3045 comitibus,
636 2953 855 3048 baronibus,
892 2953 1075 3027 nobilibus
1107 2971 1145 3028 et
1175 2958 1253 3053 qui·

186 3071 411 3169 bmcumqne
437 3072 559 3171 patrio
582 3071 730 3164 accolis,
757 3070 1012 3168 cujuscumque
1043 3085 1175 3165 status,
1203 3073 1252 3145 di·

186 3188 326 3282 gnitatis
353 3202 415 3259 aut
440 3187 658 3260 conditionis
682 3188 906 3280 exsisterent,
925 3200 1102 3283 qnatenus
1126 3210 1253 3262 omnes

186 3317 222 3374 et
245 3303 374 3397 singuli
395 3302 513 3375 eidem
530 3327 596 3376 suo
613 3325 803 3400 germano,
821 3319 995 3402 tanquam
1011 3321 1079 3375 suo
1097 3305 1252 3404 principi

187 3442 229 3490 ac
256 3419 337 3490 duci
362 3419 542 3515 legitimo,
572 3435 758 3519 parerent,
790 3433 897 3519 atque
919 3420 1124 3518 juramenta
1142 3420 1255 3493 ildeli·

187 3536 267 3639 tatis
282 3549 317 3605 et
333 3533 530 3631 hommagii
556 3536 674 3609 eidem
694 3535 808 3611 iacere
824 3550 859 3609 et
875 3551 1040 3636 praestare
1060 3549 1250 3631 curarent,

187 3651 283 3749 ipsos
304 3648 429 3722 omnes
451 3666 487 3723 et
505 3649 664 3746 singulm
680 3652 727 3725 ab
744 3653 991 3751 hujuscemodi
1017 3654 1250 3750 juramentis,

187 3787 266 3859 quae
296 3763 362 3835 sibi
386 3780 533 3862 perante
566 3765 739 3859 fecerant,
764 3768 905 3866 penitus
935 3765 1173 3838 absolvendo.
1210 3769 1253 3837 Et

187 3878 393 3975 hujusmodi
416 3880 561 3976 quidem
579 3881 756 3953 mandatis
770 3880 921 3953 libentes
937 3895 1043 3977 atque
1060 3882 1253 3987 spontanei

186 4016 311 4066 omnes
337 3994 447 4070 ferme
470 3989 706 4095 provinciales
730 4022 772 4071 ac
796 3991 1048 4094 gratulabundi
1073 3987 1253 4094 obseque-

185 4109 334 4206 bantur,
353 4111 505 4212 demptis
523 4114 646 4211 paucis
669 4115 925 4189 nonnullarum
944 4115 1080 4187 arcium
1095 4112 1254 4187 custodi·

185 4225 254 4301 bus
276 4243 312 4301 st
334 4226 512 4330 aliquibus
533 4228 858 4305 administrationes
878 4229 1082 4304 officiorum
1104 4231 1142 4302 in
1164 4252 1250 4332 pto·
