2946 5070
203 495 262 553 26⁴
630 488 836 559 mmm,

203 628 307 701 certis
336 625 543 698 differentiis
565 620 827 721 componendis
840 627 881 713 ¹‚·
904 623 1013 720 idque
1037 627 1149 697 eriam
1172 626 1266 700 idem

203 742 276 816 dux
293 740 463 816 Borbonii
491 741 563 812 suis
582 739 706 811 litteris
727 738 795 810 sibi
819 739 1059 811 intimandum
1088 761 1265 834 omenes,

201 883 333 956 rogans
357 873 398 929 ut
411 855 481 928 sibi
506 857 629 928 locum
644 855 772 950 eligere
797 855 903 927 vellet
925 855 974 928 ad
993 881 1104 953 qum
1119 859 1169 930 ad
1194 861 1267 956 ejus

201 975 293 1049 loret
308 974 531 1075 presentiam
555 995 779 1062 acoessurus,
805 970 1008 1043 bonusest
1032 975 1268 1072 utperillus-

200 1105 292 1163 trem
337 1089 563 1163 Normanniae
600 1086 753 1180 duoem,
796 1087 989 1186 oppidum,
1034 1089 1095 1160 cui
1133 1115 1267 1163 nornen

201 1205 452 1298 Locus-Veris,
479 1228 547 1304 pro
573 1217 754 1275 conventu
782 1201 1031 1300 hujusoernodi
1050 1203 1267 1278 celebrando

200 1337 293 1395 esset
315 1321 506 1412 delectum,
523 1320 668 1418 diesque
690 1321 864 1392 intereos
877 1318 1067 1392 condictus
1083 1335 1120 1391 et
1139 1347 1267 1421 aooep·

201 1454 315 1531 tatus,
347 1438 394 1511 ad
423 1461 531 1534 quern
554 1438 592 1508 iu
620 1460 665 1510 eo
693 1436 776 1508 loco
795 1435 890 1509 ultro
912 1437 1076 1533 citroque
1092 1436 1268 1511 habereut

201 1553 406 1629 convenire.

250 1674 343 1742 Cum
365 1685 486 1743 autern
512 1668 560 1742 ab
583 1667 713 1741 eodem
740 1667 835 1741 duoe
862 1668 989 1741 illustri
1010 1670 1126 1766 rogati
1153 1684 1190 1741 et
1215 1696 1267 1743 re·

202 1785 322 1883 quisiti
352 1784 539 1856 fuissemus
566 1785 639 1856 suis
669 1785 838 1855 interesse
862 1783 1020 1856 consiliis
1043 1799 1079 1855 et
1113 1810 1201 1856 cum
1225 1811 1267 1857 eo

203 1900 247 1973 nd
269 1900 438 1973 eumdem
457 1901 581 1972 locum
599 1910 730 1973 'statuto
755 1898 813 1972 die
840 1899 1033 1999 proficisci,
1064 1917 1206 1975 nostras
1228 1903 1267 1975 li·

201 2017 328 2092 beuter
357 2017 405 2091 ad
435 2016 504 2090 sibi
537 2016 811 2114 obsequendum
844 2040 972 2116 operas
1004 2018 1267 2117 impendimus,

201 2135 351 2206 scientes
370 2133 470 2231 quod
495 2135 544 2207 ita
574 2132 651 2205 lieri
673 2156 735 2203 rex
760 2157 825 2230 per
845 2130 992 2231 publica
1010 2157 1075 2206 sua
1101 2134 1269 2208 mandata

202 2251 405 2348 imperarat.
433 2250 484 2322 Ad
508 2249 645 2322 dictum
665 2249 789 2345 itaque
813 2249 934 2332 locum
958 2251 1082 2322 omnia
1102 2276 1147 2323 ex
1173 2252 1269 2326 bons

201 2446 269 2528 gnie
281 2449 371 2526 lllgrs.
386 2445 428 2505 les
441 2445 616 2506 chaneellier
625 2446 800 2521 (Guillaume
810 2445 951 2535 Iourenel
964 2446 1016 2505 des
1031 2447 1158 2523 Ursins),
1170 2463 1269 2528 grant-

202 2541 318 2601 maistre
332 2540 432 2599 d'ostel
448 2540 577 2614 (Chnrles
591 2540 628 2598 de
643 2540 765 2615 Melon),
777 2540 804 2600 le
815 2539 933 2600 bastard
946 2540 986 2599 de
997 2539 1137 2599 Bourbon
1150 2555 1180 2601 et
1196 2563 1268 2603 mes-

202 2633 258 2692 sire
276 2632 440 2692 Guillaume
459 2633 613 2707 Cousinot,
633 2651 671 2692 en
693 2632 839 2692 intencion
855 2632 940 2712 qu’ils
961 2631 1185 2692 assemblassent
1202 2655 1270 2695 arec

202 2733 313 2808 spondit
326 2735 460 2814 seigneur
473 2733 591 2793 Charles
612 2753 688 2814 pour
707 2731 872 2814 besoigner,
896 2733 1023 2792 traictier
1047 2746 1077 2793 et
1092 2735 1271 2812 appoinetier

202 2827 332 2886 esdietes
345 2829 489 2891 mutieres.
506 2856 518 2879 n
535 2829 725 2888 Instructions
735 2827 786 2886 des
796 2825 1016 2887 ambassadeurs
1032 2830 1163 2905 envoyes
1178 2848 1232 2906 par
1246 2828 1270 2886 le

202 2920 247 2980 toi
265 2940 302 2980 au
319 2935 415 2980 comte
430 2921 466 2979 de
483 2921 632 2982 Clnrolais
647 2941 683 2980 en
698 2921 814 2996 janvier
833 2923 924 2980 tuso.
941 2920 1100 2985 collection
1115 2921 1166 2979 des
1180 2922 1270 2980 docu-

204 3026 296 3072 ments
314 3014 435 3088 incidite,
452 3019 621 3092 Melanges,
636 3027 657 3076 t.
674 3018 714 3086 11,
729 3035 760 3098 p.
776 3017 846 3076 430.

173 3180 181 3201 ι
243 3110 272 3164 l.
295 3109 432 3168 Demiers
442 3108 526 3181 jours
549 3108 585 3167 de
599 3107 753 3168 decembre
768 3112 860 3170 tuot.
875 3109 916 3169 le
931 3107 995 3181 roi,
1012 3108 1144 3167 ierirant
1160 3108 1197 3167 de
1212 3108 1270 3167 cela

202 3219 241 3259 ιιιι
256 3200 329 3259 mois
348 3202 414 3280 plus
428 3201 492 3261 tnrd
511 3222 549 3262 ιιι
562 3214 656 3262 comte
675 3202 711 3261 de
725 3202 884 3275 (litaminis,
909 3202 1072 3281 pretendait
1089 3203 1161 3280 qu'il
1181 3202 1271 3261 s'etnit

201 3294 248 3372 agi
273 3293 345 3352 dans
364 3308 438 3354 cette
458 3295 627 3356 ambassade
642 3297 679 3356 de
690 3300 849 3358 constitues
861 3315 902 3355 un
925 3296 1032 3355 nouvel
1045 3315 1177 3374 npsnnge
1190 3299 1208 3353 ὲ
1219 3314 1270 3354 son

202 3387 289 3458 frere,
304 3407 391 3467 parce
410 3409 469 3468 que
488 3390 604 3449 celui-oi
622 3391 662 3449 lui
681 3391 758 3450 nvait
771 3391 885 3468 envoyd
897 3390 959 3449 dire
973 3394 990 3448 l
1006 3389 1129 3448 Orleans
1147 3398 1202 3469 pnr'
1219 3410 1269 3449 son

203 3477 420 3541 mnitred’ltdtel
437 3510 451 3535 α
468 3503 526 3562 que
538 3483 650 3542 c'estoit
663 3496 728 3563 trop
743 3496 827 3562 grant
839 3479 945 3562 charge
954 3501 1030 3561 pour
1038 3483 1089 3560 luy
1097 3481 1137 3542 du
1151 3503 1223 3562 pays
1236 3483 1271 3546 de

201 3573 388 3647 Normandie‚
401 3589 430 3633 et
445 3595 514 3654 que,
528 3577 552 3634 si
563 3576 673 3635 c'estoit
684 3596 736 3635 son
750 3577 849 3656 plaisir
861 3576 897 3635 de
911 3576 952 3634 lui
960 3575 1064 3634 bailler
1074 3576 1169 3634 nultre
1179 3597 1270 3656 appa·

200 3666 284 3746 nnige
297 3665 357 3727 bon
371 3680 400 3726 et
412 3669 602 3742 eonvenable,
616 3671 637 3729 il
653 3690 684 3729 se
700 3671 870 3750 departiroit
881 3669 1058 3730 voulentiers
1073 3668 1110 3728 de
1124 3670 1153 3728 la
1167 3669 1271 3729 duchii

200 3762 237 3821 de
252 3763 438 3826 Normandie.
449 3790 462 3815 u
474 3765 545 3824 Mais
557 3766 584 3824 le
595 3766 695 3845 prince
706 3766 800 3825 laisait
812 3764 875 3824 dire
889 3765 961 3823 dans
976 3765 1004 3823 le
1016 3766 1111 3822 neme
1126 3779 1222 3844 temps
1234 3785 1271 3824 au

198 3869 293 3914 comte
309 3856 346 3915 de
362 3856 509 3916 Charolais
521 3879 578 3936 que
592 3871 667 3919 cette
682 3858 842 3938 pretendue
858 3858 1067 3930 renonciation,
1085 3858 1158 3917 dont
1176 3861 1203 3919 le
1227 3855 1271 3919 roi

197 3949 276 4007 nvait
286 3949 336 4008 fait
348 3950 492 4030 repandre
505 3951 533 4010 le
544 3952 621 4010 bruit
633 3965 761 4031 parton,
775 3972 812 4012 ne
825 3953 952 4031 reposait
962 3972 1019 4030 que
1031 3971 1082 4010 sur
1095 3953 1148 4012 des
1162 3972 1270 4033 propos

198 4042 388 4121 perfidement
405 4044 559 4104 denatrue's
571 4066 647 4124 pour
661 4045 800 4106 brouiller
813 4047 855 4104 les
868 4043 995 4106 allnires.
1008 4049 1189 4105 Documents
1202 4047 1270 4105 ine·

197 4135 268 4207 dits,
286 4137 306 4197 l.
322 4157 361 4213 c.‚
378 4152 407 4197 et
425 4140 465 4198 les
487 4159 611 4218 preuves
631 4141 668 4199 de
687 4144 725 4203 D.
744 4141 853 4200 Murice
867 4143 883 4198 ὲ
898 4126 1043 4198 l’Histoz're
1056 4143 1095 4197 de
1108 4145 1269 4220 Breragne,

197 4231 426 4308 t.111,p.126.
533 4302 539 4309 ,
743 4229 746 4236 ’
