2946 5070
538 449 649 504 usta
669 450 821 510 SEXTUS.
1155 457 1212 514 119

153 604 265 679 quarn
280 580 428 655 victoria
443 579 539 654 luere
553 581 680 679 potiti,
697 582 876 655 civitatem
896 584 1097 681 petiissent,
1117 587 1214 661 nulla

153 696 247 773 facta
287 696 499 785 resistentia,
541 696 761 770 deditionem
794 699 889 771 cives
924 698 1096 773 fecissent.
1138 707 1214 776 Hoc

152 814 287 912 quippe
302 812 489 886 verisimile
500 813 583 885 satis
596 829 662 903 est,
677 839 774 904 cum,
784 814 949 888 resoluto
962 817 1104 912 tyranni
1110 818 1212 914 jugo,

151 929 216 1027 qui
232 933 375 1026 Hoyum
387 927 573 1024 aufugiens
585 929 764 1003 civitatem
780 930 981 1027 reliquerat,
1001 931 1164 1005 viderent
1177 960 1214 1006 se

151 1045 352 1120 libertatem
382 1044 516 1118 habere
553 1045 704 1118 faciendi
738 1046 981 1137 deditionem,
1010 1049 1041 1121 si
1068 1049 1210 1123 vellent.

152 1166 228 1234 Hac
249 1163 382 1260 quippe
399 1184 472 1233 una
496 1176 660 1259 poterant
680 1163 756 1251 via,
780 1178 816 1233 et
835 1187 982 1236 omnem
1002 1178 1137 1237 metum
1160 1180 1213 1262 ty-

150 1279 306 1353 raunicae
340 1278 580 1377 oppressionis
605 1279 698 1350 illius
730 1279 912 1375 sacrilegi,
941 1294 977 1353 et
1003 1281 1152 1353 civitatis
1178 1297 1215 1353 et

150 1396 273 1494 patriae
307 1419 399 1482 suae,
430 1417 539 1490 quarn
569 1393 726 1491 undique
750 1392 922 1468 videbant
946 1396 1080 1493 rapinis
1107 1410 1213 1493 atque

137 1498 325 1581 ‘incendiis
338 1507 526 1597 devastari,
538 1509 684 1580 exitium
699 1507 853 1605 effugere
865 1525 901 1582 et
914 1508 1082 1583 devitare.
1101 1515 1212 1582 Porro
1298 1582 1304 1591 ,

149 1625 189 1698 id
206 1626 354 1698 minime
373 1623 629 1697 Brahantiones
646 1624 825 1715 fecernnt3
841 1625 904 1698 sed
918 1625 965 1699 ad
980 1626 1050 1699 alia
1065 1626 1213 1699 diverte·

149 1755 246 1813 runt.
279 1744 366 1829 Quae
391 1765 446 1813 res
470 1756 506 1812 et
528 1740 578 1812 illi
604 1741 725 1838 patriae
754 1739 818 1813 tuit
838 1739 1013 1813 damnosa
1032 1741 1156 1832 valde,
1176 1758 1212 1815 et

147 1871 302 1954 tyranno
331 1857 493 1931 inducias
516 1857 668 1930 contulit
691 1857 738 1931 ad
765 1883 877 1932 novas
907 1860 1029 1958 copias
1048 1883 1091 1933 ac
1119 1860 1211 1933 vires

148 1972 422 2071 comparandas.

465 2251 722 2322 CAPITULUM
759 2253 882 2322 xxxt.

148 2450 188 2505 Dc
196 2449 336 2507 vanissima
345 2468 392 2523 spe
403 2468 483 2522 quam
493 2452 673 2525 Trajectenscs
681 2467 857 2527 reposuerant
868 2453 897 2508 in
908 2454 1007 2509 auxilio
1016 2455 1131 2527 primum
1144 2457 1211 2528 regis

184 2534 359 2604 francorum,
372 2535 489 2590 secundo
501 2535 576 2589 ducis
588 2537 726 2605 mirensis,
741 2538 818 2592 tertio
833 2537 897 2592 dicti
909 2539 1028 2611 sacrilegi
1034 2540 1211 2611 Arerbergie,

183 2620 422 2693 aquaturpissime
434 2619 618 2675 exciderunt¹.
1194 2630 1197 2635 '

198 2815 434 2912 Trajectenses
449 2830 569 2888 autem
589 2817 651 2913 qui
674 2830 760 2887 tunc
777 2816 1073 2889 administrabant
1090 2819 1209 2891 civita·

147 2946 239 3022 tem,
264 2946 299 3002 et
314 2932 434 3004 cuncti
450 2931 655 3004 rebellionis
674 2932 847 3023 fautores,
866 2957 986 3005 rerum
1003 2933 1088 3006 dicti
1104 2936 1209 3007 sacri·

146 3047 216 3144 legi
243 3049 384 3146 tyranni
408 3047 613 3121 leodiensis
632 3049 911 3148 opperiebantur
926 3065 1106 3124 eventum.
1130 3053 1208 3127 Suae

146 3163 245 3234 enim
270 3163 344 3260 spei
367 3187 475 3236 omne
501 3162 780 3236 stabilimentum
811 3166 848 3236 in
880 3188 961 3264 rege
989 3170 1207 3241 Francorum

146 3279 323 3378 primurn,
343 3281 394 3350 uti
418 3303 524 3380 supra
549 3280 721 3373 diximus,
745 3298 996 3380 reposuerant,
1017 3283 1147 3357 deinde
1170 3286 1206 3357 in

147 3394 240 3467 duce
262 3394 436 3487 Clivensi,
464 3395 564 3493 cujus
581 3395 724 3467 fratrem
747 3395 1025 3492 Enghelbertum
1047 3398 1085 3468 in
1102 3423 1206 3471 suurn

146 3509 369 3586 defensorem
387 3536 448 3583 seu
472 3511 676 3585 ruwardum
699 3511 939 3604 adsciverant,
959 3511 1092 3587 loedere
1114 3515 1206 3588 facto

145 3650 229 3701 cum
256 3626 385 3700 eodem
411 3627 501 3701 duce
527 3629 627 3728 quod
648 3629 698 3701 eis
725 3628 858 3702 auxilio
884 3627 975 3702 foret
997 3628 1203 3720 adfuturus3

145 3745 248 3816 tertio
265 3745 372 3818 etiam
399 3747 436 3817 in
464 3745 556 3818 illius
572 3747 713 3842 tyranni
736 3745 939 3818 leodiensis
954 3749 1203 3848 prosperitate,

144 3863 172 3934 si
187 3862 256 3935 sibi
272 3864 474 3956 obveniret,
493 3863 688 3962 plurimum
706 3863 953 3957 confidebant,
966 3864 1206 3962 jactitabatur·

186 4114 212 4171 l.
234 4109 369 4189 Clnpitre
389 4109 521 4189 imprime
543 4108 614 4168 dans
632 4109 674 4168 les
697 4112 839 4167 Analecta
859 4105 896 4167 de
917 4100 1066 4167 Mattheus
1084 4118 1113 4166 et
1134 4107 1205 4167 dans

143 4204 497 4282 l'lmplr‘rsr'rracollectr'o.
