2946 5070
218 491 275 545 128
485 489 741 546 utstoutattutt
762 489 941 545 woovlct
961 489 1004 544 xl

217 617 354 690 fuerant
368 618 453 690 dicti
468 619 585 690 Caroli
602 618 721 711 ducis;
738 632 774 691 et
791 643 870 708 eas,
890 621 1008 693 obitus
1022 621 1077 690 sui
1091 633 1270 716 tempore,

216 733 528 831 possidebat-,ned
552 759 631 826 eas,
655 736 733 834 ipso
761 737 832 808 vita
860 731 1005 826 fimeto,
1028 762 1089 808 rer
1120 761 1273 834 occupa·

216 866 332 943 verat,
351 867 385 923 et
406 854 535 951 partim
553 853 684 946 armis,
707 855 836 951 partim
853 853 1096 927 deditionibus
1113 855 1152 925 in
1175 878 1273 926 suam

217 966 400 1064 redegerat
414 983 637 1067 potestatem.

266 1087 316 1155 Ea
343 1100 461 1158 autem
492 1085 569 1181 lege
595 1085 662 1157 dos
688 1086 936 1182 hujuscemodi
964 1086 1116 1159 domino
1140 1085 1273 1158 dellino

215 1221 282 1294 pro
299 1223 363 1273 sua
384 1200 479 1272 dicta
503 1200 619 1273 lutura
638 1201 789 1297 conjuge
805 1203 997 1274 constituta
1015 1217 1089 1294 est,
1108 1201 1228 1299 quod,
1246 1202 1274 1273 si

214 1313 401 1402 eamdem,
421 1315 525 1386 nullis
553 1315 599 1385 de
629 1339 666 1385 se
694 1315 941 1413 superstitibus
968 1316 1089 1388 liberis
1120 1315 1271 1407 relictis,

215 1429 324 1500 vitam
346 1428 448 1502 finire
469 1431 707 1527 contingeret,
729 1431 814 1503 dicti
838 1433 1026 1504 comitatus
1047 1447 1083 1503 et
1108 1447 1210 1503 terrae
1229 1430 1273 1504 ad

216 1542 344 1615 ducem
359 1545 583 1646 Philippum,
602 1546 762 1642 ejusdem
778 1573 916 1645 sponsae
933 1547 1098 1639 fratrem,
1122 1571 1274 1644 suosque

215 1661 372 1734 haeredes
398 1665 525 1734 reverti
549 1661 732 1736 deberent.
756 1664 827 1736 Sed
859 1690 902 1736 eo
931 1667 1033 1736 casu¹
1055 1688 1116 1735 rer
1143 1664 1199 1736 vel
1222 1665 1274 1736 sui

215 1778 371 1851 haeredes
387 1793 532 1877 possent
549 1780 797 1876 hujuscemodi
814 1782 1002 1854 comitatus
1018 1795 1055 1852 et
1071 1793 1183 1852 terras
1196 1782 1274 1851 reti·

216 1917 320 1983 nere,
342 1895 459 1967 donec
482 1897 519 1966 in
541 1896 621 1991 jure
643 1895 878 1992 disceptatum
898 1896 1162 1990 diffinitumque
1188 1894 1275 1967 soret

216 2009 261 2081 de
288 2025 323 2083 et
347 2036 453 2109 super
470 2012 551 2108 jure
577 2010 677 2108 quod
700 2036 759 2083 rer
783 2011 917 2084 babere
939 2010 1127 2110 pretendit
1149 2011 1187 2081 in
1213 2037 1275 2110 op·

216 2125 310 2223 pidis
329 2126 521 2217 insulensi,
534 2126 737 2200 Duachensi
759 2140 794 2197 et
813 2126 859 2198 de
883 2127 1028 2197 Orchies
1036 2129 1060 2218 ¹,
1080 2151 1276 2224 eorumque

216 2242 426 2315 castellaniis
454 2267 517 2313 seu
550 2240 777 2314 districtibus.
812 2247 899 2330 Qua.
931 2241 1142 2340 disceptatio
1172 2257 1276 2339 atque

216 2355 262 2427 de
289 2359 492 2456 supradicto
518 2373 692 2457 praetenso
716 2358 796 2455 jure
822 2358 987 2432 diffinitio
1015 2357 1108 2429 infra
1135 2359 1276 2432 triennii

218 2487 328 2544 metas
343 2471 490 2545 deberet
506 2471 677 2571 expediri.

266 2589 356 2660 Sunt
384 2602 419 2661 et
451 2589 519 2661 alia
552 2586 764 2685 quamplura
797 2589 952 2685 capitula
982 2590 1019 2659 in
1053 2587 1156 2659 dictae
1184 2589 1277 2685 pacis

218 2701 349 2776 loedere
374 2704 654 2802 comprehensa,
680 2728 780 2799 qum,
800 2700 981 2777 brevitatis
999 2727 1128 2792 causa,
1148 2705 1278 2775 omitti-

217 2844 296 2890 mus
313 2820 373 2892 hic
390 2822 564 2911 inserere,
584 2819 683 2917 quod
699 2819 736 2890 id
758 2819 843 2890 huic
868 2835 990 2892 nostro
1008 2822 1108 2919 operi
1132 2822 1277 2892 minime

217 2938 452 3026 necessarium
469 2938 640 3008 exsistat⁸.

266 3057 346 3126 Non
371 3068 490 3125 tamen
514 3054 752 3126 omittendum
778 3051 897 3150 quod,
928 3053 1036 3150 paulo
1058 3068 1142 3125 ante
1170 3077 1275 3149 quam

217 3167 465 3264 hujuscemodi
486 3193 554 3267 pax
575 3170 762 3242 conciliata
783 3168 891 3257 soret,
917 3193 976 3239 rex
997 3170 1211 3268 oppidulum
1234 3170 1276 3241 de

219 3289 312 3356 Aere
322 3288 346 3374 ⁸,
366 3300 536 3385 corrupto
556 3287 741 3384 capitaneo
750 3289 773 3375 ⁵,
799 3284 900 3381 cujus
918 3283 1001 3357 fidei
1021 3286 1097 3382 ejus
1118 3286 1275 3359 custodia

259 3576 288 3630 Ι.
311 3576 359 3633 Sic
372 3573 523 3632 Matthaeus
536 3596 545 3646 3
557 3594 589 3631 eo
604 3586 697 3630 tamen
710 3572 781 3631 dans
795 3572 822 3629 le
835 3591 889 3630 ms.

259 3671 288 3727 Ι.
311 3667 401 3739 Lille,
415 3667 509 3725 Douai
527 3680 555 3724 et
572 3665 701 3733 Omlnes,
718 3665 901 3739 aujourd’hui
920 3665 990 3724 dans
1005 3667 1034 3724 le
1050 3666 1117 3744 dep.
1134 3667 1174 3728 du
1188 3666 1273 3738 Nom,

217 3761 259 3819 les
273 3762 342 3821 trois
357 3760 528 3840 principales
544 3760 625 3819 villes
639 3760 675 3818 de
688 3760 848 3818 l’ancienne
862 3759 986 3819 Flandre
996 3760 1144 3837 francaise.

261 3859 289 3918 3.
312 3861 352 3914 Le
370 3867 446 3913 texte
460 3873 476 3911 a
489 3853 535 3911 ete
546 3853 680 3931 imprime
694 3851 814 3910 nombre
833 3850 869 3909 de
882 3851 952 3920 fois,
966 3865 1144 3912 notaminent
1162 3853 1232 3912 dans
1251 3854 1276 3911 le
1357 3898 1358 3908 ,

219 3950 309 4027 Corps
324 3947 533 4027 diplomatiqne
546 3945 583 4006 de
596 3950 741 4017 Dumont‚
757 3959 778 4007 t.
795 3949 848 4017 ΙΙΙ,
865 3945 956 4022 partie
974 3950 1013 4021 ΙΙ,
1029 3959 1057 4004 et
1069 3946 1141 4005 dans
1154 3948 1181 4004 le
1197 3950 1276 4006 Com·

220 4040 311 4101 mines
325 4043 361 4100 de
372 4041 682 4121 Lenglet·Dufresnoy,
700 4051 721 4098 t.
739 4041 789 4110 lv,
808 4057 839 4115 p.
855 4039 905 4096 95.

261 4139 289 4194 Ι.
313 4137 381 4195 Aire
395 4155 431 4194 en
441 4133 547 4194 Artois.

263 4236 293 4290 ὅ.
312 4233 384 4289 Jean
402 4229 439 4288 de
455 4231 594 4305 Ilergetes,
608 4224 740 4302 seigneur
753 4222 789 4280 dc
801 4221 910 4282 Cohen.
