2946 5070
200 441 237 495 'ib
451 439 923 498 ·fl15r0n1,utb'ttfflnovtc1
944 444 986 498 xl

198 571 341 642 fratrem
356 569 523 641 adversus
543 571 702 660 fratrem,
722 584 759 641 et
772 596 921 643 uxorem
938 588 1064 644 contra
1078 573 1258 665 maritum,

198 686 286 758 odio
320 686 571 784 partialitatum
610 685 855 779 inardescam
888 701 925 758 et
955 688 1263 783 quemadmodum

199 827 263 902 per
302 801 407 876 urbes
442 803 547 874 ltalia
585 800 771 899 quondam
805 801 1002 876 efferbuere
1034 805 1264 903 partialitates

199 918 410 991 Ghelforum
443 933 478 989 et
506 917 795 991 Gbibellinorum
831 921 998 1017 (qcamm
1031 919 1198 992 nondum
1226 920 1263 990 in

199 1036 376 1135 plerisque
401 1035 489 1107 iocis
514 1037 664 1107 omnino
691 1036 828 1109 radices
849 1036 969 1110 adbuc
992 1039 1121 1110 evnlsae
1147 1039 1259 1130 sunt),

200 1153 249 1224 ita
268 1167 304 1223 et
321 1152 357 1223 in
376 1150 432 1224 bis
451 1153 552 1222 terris
565 1152 761 1224 Hollandiae
776 1168 812 1224 et
830 1153 1107 1249 Trajectensium
1123 1178 1167 1231 ac
1184 1152 1264 1224 fini-

199 1268 315 1354 timis,
348 1291 386 1339 se
418 1266 510 1338 odiis
541 1292 585 1339 ac
615 1270 719 1340 sectis
750 1269 1003 1366 partialitatum
1028 1270 1267 1365 insequuntur

200 1382 318 1455 Hoeclr
338 1397 375 1456 et
390 1381 578 1480 Kabeljau,
597 1383 668 1457 hoc
685 1400 738 1457 est
761 1389 895 1457 Hamus
917 1400 953 1457 et
974 1386 1116 1457 Piscis'.

248 1506 337 1590 Quae
351 1524 436 1575 curn
456 1500 546 1572 citra
569 1525 684 1573 annos
706 1502 898 1593 ducentos,
921 1515 962 1573 ut
985 1502 1106 1595 aiunt,
1135 1515 1268 1577 exortae

199 1633 301 1711 sunt,
332 1631 368 1690 et
399 1617 670 1715 quodammodo
706 1619 829 1717 sopitae
864 1619 1125 1719 detorpuerunt
1159 1632 1269 1719 atque

199 1733 432 1824 delituerunt,
451 1732 709 1833 imperantibus
725 1734 869 1806 illustris
884 1735 1065 1809 memoriae
1079 1733 1265 1836 Philippo,

200 1865 317 1949 patre,
339 1866 375 1923 et
392 1851 544 1941 Carolo,
564 1851 641 1947 ejus
665 1849 758 1943 filio,
777 1851 1072 1948 Burgundionum
1093 1849 1267 1945 ducibus,

200 1968 261 2065 qui
288 1990 347 2040 eas
372 1969 408 2039 in
430 1981 594 2066 apertum
611 1991 799 2064 erumpere
817 1981 915 2038 metu
933 1990 1124 2066 poenarum
1144 1964 1269 2066 pmhi·

199 2083 354 2178 heham,
373 2085 491 2157 statim
514 2099 653 2175 tamen,
672 2084 768 2154 velut
783 2082 830 2154 ab
847 2081 967 2155 inseris
986 2082 1175 2177 redivivae,
1194 2106 1271 2154 sese

200 2201 418 2292 attollentes,
447 2215 590 2272 mortuo
612 2199 741 2272 Carolo
767 2198 878 2290 duce,
903 2221 923 2269 e
947 2197 1093 2271 latebris
1113 2199 1271 2270 emicue-

201 2333 285 2389 mnt
301 2329 408 2413 atque
420 2317 540 2415 palam
552 2317 774 2415 prodierunt.
796 2319 854 2390 Sic
874 2331 910 2390 et
934 2319 970 2388 in
993 2316 1128 2408 Gallia,
1148 2329 1273 2390 nostra

200 2448 319 2521 atate,
342 2457 417 2505 sese
442 2433 645 2528 gravissime
666 2447 701 2504 et
719 2433 804 2508 odio
820 2431 1037 2531 implacabili
1052 2452 1273 2531 prosequen-

201 2564 254 2621 tes
273 2549 369 2621 suere
393 2547 664 2644 Burgundiones
688 2564 724 2620 et
748 2549 810 2644 qui
828 2549 1018 2620 Arm-iniaci
1039 2544 1267 2619 dicebantur.

201 2673 288 2757 Quae
303 2646 421 2740 tamen
439 2666 591 2741 infausta
607 2667 715 2739 factio
726 2669 758 2760 ¹,
775 2691 856 2764 quae
869 2666 989 2738 multis
1003 2663 1143 2736 civibus
1163 2679 1275 2761 atque

201 2785 360 2884 populirt,
377 2784 470 2888 prob
485 2781 605 2856 dolor!
624 2783 731 2856 exitio
745 2782 810 2854 suit
823 2807 887 2880 per
900 2806 1016 2854 annos
1030 2781 1171 2853 circiter
1184 2806 1272 2877 qua·

201 2903 382 2998 draginta,
411 2902 638 2974 miseratione
662 2899 783 2971 divina
806 2896 968 2970 obsoleta
992 2912 1102 2969 estet
1128 2900 1272 2996 penitus

201 3021 384 3092 exstincta.
407 3023 456 3090 Ea
471 3042 575 3110 vero,
598 3041 676 3114 quae
697 3014 962 3087 Hoeckensium
983 3029 1019 3086 et
1035 3012 1271 3086 Cabeliaven·

202 3139 293 3209 sium
320 3136 504 3208 inimicitia
536 3149 642 3231 atque
666 3131 859 3231 partialitas
883 3130 991 3227 vulgo
1014 3144 1269 3230 nuncupatur,

244 3375 272 3429 t.
297 3394 312 3423 ι
324 3370 345 3427 ΙΙ
365 3369 438 3447 loyst
459 3346 571 3445 'scavoir
587 3386 644 3445 que
662 3367 693 3423 cs
711 3365 817 3444 parties
835 3364 871 3423 de
888 3362 1046 3434 Hoilande,
1063 3362 1101 3421 de
1118 3363 1272 3442 tres-longs

202 3484 254 3522 ans
266 3484 283 3522 a
297 3480 388 3522 conru
402 3474 430 3520 et
445 3463 533 3540 re'gne
546 3481 604 3521 une
618 3458 741 3518 division
754 3457 805 3517 des
817 3458 936 3538 parties,
953 3457 1024 3516 dont
1035 3456 1097 3515 l'un
1111 3476 1143 3515 se
1157 3475 1273 3515 nomme

202 3579 252 3615 cuc
265 3571 292 3616 et
312 3558 424 3615 l'aultre
437 3556 580 3628 mbilicum
599 3554 670 3612 dont
686 3553 795 3610 lencm
809 3552 845 3611 de
858 3551 938 3630 l'ung
956 3550 1067 3629 srgnifie
1080 3570 1142 3627 ung
1156 3550 1272 3628 poisson

203 3651 253 3730 qui
266 3671 283 3711 a
298 3670 356 3729 ung
367 3662 452 3729 grant
463 3649 667 3728 engoulement
679 3661 708 3706 et
721 3647 817 3727 large3
828 3657 856 3704 et
867 3646 981 3704 l‘aulrre
991 3644 1102 3723 signibe
1112 3664 1174 3723 ung
1187 3642 1272 3721 engin

204 3747 239 3804 dc
254 3746 295 3803 ser
312 3743 420 3803 crochu
438 3755 466 3800 et
486 3745 613 3822 trds-agu
633 3761 685 3821 par
700 3741 794 3820 lequel
815 3741 834 3800 il
856 3759 887 3799 se
905 3739 997 3818 prend
1018 3750 1047 3797 et
1063 3739 1220 3817 estrangie.
1239 3740 1273 3796 Et

205 3851 273 3918 peut
287 3850 361 3896 estre
374 3837 461 3916 qu'ilz
473 3856 492 3913 y
509 3849 561 3894 ont
578 3834 684 3894 auleun
699 3833 902 3893 entendement
915 3833 952 3890 de
965 3831 1082 3890 mistero
1095 3850 1132 3889 en
1147 3849 1231 3906 wey,
1245 3839 1272 3887 et

205 3947 247 3992 est
265 3932 332 3990 bien
352 3929 583 4002 rraisemblable,
597 3949 710 3988 comme
725 3930 748 3987 si
766 3948 804 3986 on
819 3927 943 3985 vouloist
960 3925 1093 4004 direque
1108 3925 1189 4002 i'ung
1202 3942 1270 3981 con·

206 4026 273 4086 tend
287 4029 303 4084 d
318 4039 379 4084 tout
393 4026 540 4103 engnnlm,
555 4038 584 4082 et
598 4026 739 4084 i'aultrea
753 4024 823 4082 faire
837 4022 995 4102 canangler
1005 4021 1047 4078 les
1060 4019 1247 4100 engouleurs.
1256 4041 1270 4069 2

206 4117 394 4186 mustellam,
410 4118 569 4192 Cinnanique
585 4121 623 4174 du
638 4121 692 4175 duc
706 4120 852 4194 Ρὴίἰὶρρε,
867 4116 915 4174 cb.
933 4134 1016 4171 nxrn.

247 4215 275 4268 2.
299 4216 389 4271 Sertio
404 4210 474 4267 dans
489 4210 517 4267 ie
533 4230 586 4267 nis.
