2946 5070
595 533 704 590 unus
734 532 886 590 antuus.
1210 532 1262 589 att

206 685 313 760 supra
331 660 570 756 meminimus,
588 664 678 736 serre
696 680 731 737 et
745 666 882 763 perpeti
903 689 1045 737 necesse
1060 662 1265 736 babuimus.

208 782 279 849 Nec
299 794 444 878 expost,
474 780 558 852 licet
582 804 796 876 magnomm
820 782 1020 853 interventu
1041 779 1267 880 principum,

206 894 253 967 de
269 920 422 993 quorum
436 913 523 968 tunc
533 896 580 970 ad
593 921 712 994 regem
727 896 896 994 singulari
909 896 1149 973 benivolentia
1163 910 1270 994 atque

205 1012 373 1106 amicitia,
386 1028 422 1085 et
440 1013 516 1086 vice
526 1037 640 1105 versa,
659 1015 822 1086 omnium
839 1014 1020 1087 unanimis
1035 1029 1110 1087 erat
1129 1014 1269 1114 opinio,

207 1128 259 1199 usi
285 1127 474 1221 fuerimus,
508 1130 569 1226 qui
590 1128 720 1228 pluries
749 1145 785 1202 et
811 1129 949 1202 vicibus
972 1132 1128 1229 repetitis
1148 1154 1271 1231 preces

205 1267 272 1340 pro
296 1241 402 1314 nobis
429 1243 543 1316 lacere
560 1243 693 1339 dignati
712 1259 812 1333 sunt,
839 1242 886 1317 ab
912 1246 989 1343 ipso
1007 1270 1090 1341 rege
1108 1245 1270 1319 obtinere

206 1360 390 1456 potuimus
404 1359 502 1455 quo'd
514 1359 618 1431 vellet
634 1361 837 1458 permittere
850 1344 917 1433 nos
931 1362 969 1433 in
984 1361 1133 1434 eeclesia
1151 1352 1272 1435 nostra

205 1475 260 1550 vel
280 1478 315 1548 in
332 1476 518 1575 provincia
535 1476 702 1570 residere,
718 1493 779 1550 aut
796 1476 969 1550 fructibus
986 1492 1021 1550 et
1038 1479 1272 1579 proventibus

204 1591 362 1690 ejusdem
387 1607 515 1664 nostrae
531 1592 686 1664 ecclesiae
702 1593 870 1691 gaudere.
890 1594 1156 1668 Tantummodo
1174 1621 1272 1669 secu·

204 1709 344 1779 ritatem
359 1711 469 1779 unus¹
483 1731 550 1806 pro
569 1707 687 1802 nobis,
706 1734 781 1782 non
793 1708 920 1805 exigua
935 1734 998 1783 seu
1013 1709 1072 1782 vili
1090 1711 1179 1809 stipe
1192 1709 1271 1810 [do-

204 1823 340 1922 natus],
354 1837 394 1894 ut
410 1848 517 1922 supra
529 1824 726 1917 retulimus,
739 1825 895 1899 obtinuit
908 1824 1007 1924 quod
1021 1852 1143 1901 secure
1158 1854 1271 1927 usque

203 1939 399 2012 Aurelianis
425 1939 546 2011 venire
569 1955 605 2012 et
627 1941 699 2013 illic
715 1942 908 2015 consistere
923 1968 1126 2042 possemus,
1144 1956 1272 2041 negata

203 2079 348 2153 prorsus
363 2055 517 2127 exeundi
533 2036 687 2149 licentia,
707 2071 814 2156 atque
829 2059 901 2131 illic
917 2060 1074 2159 opperiri
1092 2059 1209 2132 donec
1224 2061 1270 2133 de

202 2170 309 2243 nobis
336 2170 510 2268 quidnam
538 2194 599 2244 rex
629 2172 736 2245 vellet
763 2173 839 2245 lieri
864 2175 918 2248 vel
943 2172 1085 2274 disponi
1108 2176 1266 2273 juberet,

203 2284 512 2383 quemadmodum
523 2286 628 2360 latius
639 2302 674 2360 et
685 2288 826 2387 plenius
835 2313 943 2389 supra
959 2292 1187 2364 retexuimus.
1202 2291 1269 2363 Cui

203 2416 298 2475 certe
316 2417 388 2474 tam
402 2401 521 2475 crudae
535 2418 570 2475 et
586 2404 731 2502 ancipiti
748 2406 926 2478 securitati
944 2428 1012 2481 nos
1026 2407 1266 2501 committere,

203 2519 344 2592 attentis
360 2518 431 2591 fide
450 2533 485 2591 et
503 2519 660 2593 efficacia
681 2545 826 2593 suarum
843 2521 1129 2621 plenissimamm
1144 2525 1270 2596 securi·

204 2650 329 2725 tatum,
347 2661 456 2734 quam
477 2651 553 2707 tum
571 2632 734 2709 innobis
749 2637 852 2735 ipsis,
877 2652 954 2710 tum
969 2639 1005 2709 in
1020 2663 1130 2736 quam
1148 2640 1269 2712 multis

202 2751 279 2824 aliis
294 2747 614 2850 comperiera'mtis‚
638 2751 843 2823 consultum
863 2752 965 2826 nullo
982 2752 1094 2825 modo
1107 2754 1188 2851 ,sore
1207 2781 1270 2854 pu·

203 2867 355 2940 tavimus
371 2892 437 2940 nec
447 2868 619 2939 aestimare
635 2865 839 2961 debuimus,
856 2868 1010 2941 maxime
1021 2883 1157 2942 attento
1169 2871 1269 2969 quod

203 3006 287 3053 suos
303 2982 536 3054 amicissimos
548 2979 768 3053 cbrdinalem
782 2980 1070 3079 Andegevensem
1087 2999 1122 3057 et
1138 2985 1268 3058 Virdu·

202 3122 348 3170 oensem
379 3099 607 3197 episcopum,
636 3121 750 3193 quem
771 3098 1068 3195 promissionibus
1084 3100 1268 3191 honorum

202 3212 503 3313 amplissimorum
517 3212 562 3284 ad
570 3210 812 3316 sepellexerat
827 3226 862 3283 et
876 3212 921 3284 de
933 3214 1048 3287 lratris
1058 3216 1113 3288 sui
1124 3218 1267 3290 servitio

202 3329 249 3404 ad
266 3356 370 3402 suum
388 3331 612 3421 attraxerat',
634 3328 732 3400 nulla
754 3328 805 3401 eis
825 3329 863 3400 in
882 3329 962 3425 jure
981 3331 1163 3406 audientia
1180 3359 1268 3406 con·

202 3464 299 3520 cessa
315 3472 377 3520 seu
392 3447 575 3545 permissa,
594 3444 656 3551 ita,
674 3459 712 3516 ut
725 3469 834 3543 supra
849 3447 1046 3538 retulimus,
1063 3450 1203 3522 vinctos
1222 3465 1267 3523 te·

202 3563 311 3637 nebat
332 3577 367 3635 et
395 3561 514 3634 adhuc
541 3561 655 3634 hodie
680 3575 790 3633 tenet.
820 3565 984 3649 Quorum
1008 3565 1110 3658 alter,
1136 3567 1270 3639 scilieet

244 3809 272 3866 t.
294 3809 335 3864 Le
354 3803 409 3862 sire
432 3801 467 3861 de
481 3802 635 3863 detillon.
650 3806 723 3882 Voy.
741 3802 904 3878 ci-dessus,
919 3826 950 3885 p.
968 3808 1037 3867 327.

242 3907 272 3962 2.
295 3902 457 3961 Guillaume
477 3901 513 3960 de
530 3904 712 3960 Harauconrt
727 3901 771 3960 sut
789 3901 825 3960 de
839 3921 913 3962 ceux
932 3904 983 3982 qui
999 3904 1140 3965 suivirent
1161 3906 1189 3965 le
1212 3905 1268 3964 duc

200 3998 238 4058 de
255 3996 430 4057 Normandie
449 3995 578 4072 lorsqu’il
595 3992 711 4053 s’enluit
727 4014 763 4053 en
777 3998 934 4076 Bretagne3
955 3999 1026 4057 mais
1048 3999 1068 4057 il
1090 3999 1169 4058 avait
1189 4017 1269 4057 com.

201 4093 302 4152 mence
312 4111 365 4170 pur
374 4110 405 4149 se
414 4108 579 4170 prononcer
594 4107 669 4167 pour
679 4087 707 4146 le
721 4087 765 4146 roi
774 4087 846 4148 dans
860 4091 888 4148 la
897 4110 1000 4170 guerre
1014 4091 1054 4150 du
1067 4093 1136 4151 Bien
1151 4089 1267 4172 public.

200 4200 229 4244 et
251 4187 346 4244 meme
371 4184 440 4243 etait
460 4184 514 4242 alle
534 4183 561 4241 le
579 4179 696 4255 joindre
715 4200 753 4239 au
773 4181 852 4262 siege
873 4183 909 4242 de
928 4186 1067 4264 Bourgm
1092 4190 1269 4245 Documents

200 4278 322 4351 inedits,
341 4281 511 4355 Melange,
534 4289 554 4334 t.
572 4278 616 4346 11,
634 4294 665 4356 p.
681 4276 752 4336 238.
