2946 5070
298 487 357 546 252
716 477 922 559 Arctoum,

299 620 438 693 ellicere
457 621 560 693 vellet
577 636 683 716 atque
699 635 850 721 optaret,
875 620 921 694 ab
939 621 990 693 eis
1012 619 1074 719 qui
1090 619 1289 693 audiissent
1303 646 1368 719 po-

299 753 387 811 terat
403 741 608 836 coujectari,
626 740 902 811 existimavimus
915 737 1165 813 recusandum.

352 857 434 929 Vale
447 858 567 953 itaque
581 855 648 928 sibi
663 856 755 928 lacto
769 878 892 954 proca
907 857 998 950 vice,
1017 880 1102 928 cum
1114 880 1158 927 ex
1170 857 1366 928 Remorum

298 971 388 1044 urbe
419 998 485 1043 nos
508 971 553 1044 ad
573 972 804 1045 parisiensem
829 971 1101 1044 contulissemus
1126 969 1230 1067 (ubi,
1256 974 1367 1066 gratia

298 1090 422 1182 vestri,
442 1103 529 1160 tunc
546 1113 610 1160 nos
626 1088 773 1160 duxistis
794 1088 1029 1184 visitandos),
1046 1103 1081 1159 et
1104 1087 1176 1158 illic
1193 1112 1301 1158 suurn
1321 1089 1367 1159 ad

299 1204 463 1277 eamdem
501 1210 603 1277 suam
637 1205 868 1277 Parisiensem
902 1205 1036 1302 regiam
1070 1205 1269 1300 ingressum
1302 1228 1368 1302 per

300 1322 420 1420 plures
437 1321 513 1394 dies
528 1321 789 1420 opperiremur,
803 1347 886 1395 cum
900 1321 963 1394 diu
975 1306 1058 1393 satis
1073 1327 1181 1419 super
1195 1321 1273 1418 ipsa
1286 1345 1366 1392 ma-

300 1439 387 1509 teria
406 1440 677 1533 cogitassemus,
706 1453 742 1509 et
765 1437 811 1510 de
828 1463 870 1510 ea
889 1464 972 1510 cum
987 1435 1167 1535 aliquibus
1184 1436 1270 1506 viris
1284 1461 1366 1534 pru·

300 1551 472 1629 dentibus
507 1553 892 1647 communicassemus,
926 1552 1072 1625 tandem
1106 1551 1288 1622 calamum
1321 1550 1367 1622 ad

300 1668 546 1741 mandandum
570 1669 693 1740 litteris
719 1670 846 1742 mentis
870 1684 999 1740 nostrae
1023 1682 1241 1766 conceptum
1264 1681 1367 1738 carta

300 1784 537 1856 admovimus.
561 1789 690 1856 Parum
706 1786 803 1856 enim
828 1799 864 1857 et
883 1784 1018 1882 absque
1040 1783 1158 1856 fructu
1176 1783 1367 1854 consilium

301 1899 376 1971 lore
393 1899 660 1998 reputabamus,
672 1901 785 1997 quod,
797 1899 916 1973 verbis
932 1901 968 1971 in
986 1923 1067 1971 aere
1079 1899 1125 1971 ad
1139 1913 1366 1970 momentum

300 2016 512 2090 sonantibus
535 2017 747 2114 prestitum,
774 2042 844 2116 pro
872 2017 1071 2112 ingentium
1091 2022 1185 2087 'tunc
1208 2015 1368 2086 multitu-

300 2132 385 2204 dine
406 2159 525 2204 rerum
544 2132 765 2228 agendarum
787 2158 866 2231 quae
881 2157 957 2205 sese
971 2157 1071 2232 pane
1085 2134 1287 2204 innumere
1301 2130 1367 2203 sibi

301 2246 516 2341 offerebant,
540 2246 635 2320 elabi
664 2247 765 2321 facile
789 2274 811 2322 a
835 2250 1007 2320 memoria
1031 2249 1108 2345 ejus
1128 2246 1369 2320 verisimiliter

300 2364 483 2460 potuisset.
512 2364 625 2435 Simtd
648 2365 755 2436 etiam
783 2357 866 2436 satis
893 2377 1118 2463 compertum
1142 2360 1368 2447 habebamus

300 2491 374 2549 tam
399 2476 543 2578 prolis'ae
565 2480 737 2552 orationis
756 2479 993 2571 audientiam,
1018 2493 1195 2578 quantum
1223 2505 1292 2577 pro
1314 2482 1367 2551 sui

300 2595 545 2692 magnitudine
562 2621 618 2668 res
633 2598 709 2695 ipsa
728 2599 961 2697 poposcisset,
981 2597 1189 2669 difficillime
1205 2611 1294 2668 tunc
1308 2597 1369 2669 ob-

300 2712 412 2785 tinere
428 2715 596 2812 potuisse.
623 2713 798 2787 libellum
821 2715 928 2809 igitur
959 2712 1005 2787 ad
1033 2712 1184 2784 modum
1208 2715 1368 2785 oratiun-

299 2829 387 2901 culae
409 2830 456 2903 ad
478 2855 562 2902 eum
586 2830 698 2903 latino
723 2855 888 2904 sermone
917 2830 1114 2918 edidimus,
1133 2830 1237 2925 cujus
1262 2830 1368 2900 etiam

298 2948 510 3020 sententiam
538 2962 646 3044 atque
675 2972 853 3020 summam
886 2946 1012 3042 gallico
1043 2945 1179 3041 vulgari
1213 2944 1370 3017 breviter
1402 2955 1407 2963 '

302 3066 582 3158 perstrinximus.

349 3181 480 3275 loquo
505 3181 627 3254 libello
643 3206 727 3253 cum
748 3179 795 3252 ad
823 3177 1059 3268 medendum,
1088 3174 1198 3246 veluti
1220 3175 1369 3271 alicujus

301 3296 453 3388 graviter
467 3282 689 3392 agrotantis,
715 3312 788 3370 tam
804 3295 980 3394 depressi,
1005 3292 1173 3392 paupen's
1185 3305 1222 3362 et
1240 3291 1367 3387 abjecti

191 3436 202 3455 ·
301 3410 426 3508 populi
446 3413 555 3484 totius
570 3416 669 3510 regni
687 3418 905 3484 Francorum
921 3408 1167 3504 languoribus
1187 3420 1368 3477 tantorum

300 3527 478 3598 malonrm
508 3553 651 3621 causas,
684 3528 781 3600 unde
810 3541 906 3600 tanta
938 3526 1022 3623 ipsis
1054 3523 1200 3622 populis
1227 3524 1369 3595 miseria

300 3656 406 3738 atque
419 3644 541 3741 inopia
551 3646 796 3742 provenissent
808 3655 1145 3741 perseverarentque
1157 3640 1196 3709 in
1206 3637 1284 3710 dies
1294 3663 1370 3736 per·

299 3773 540 3831 scrutaremru
555 3762 660 3856 (nam
682 3758 783 3856 quod
800 3782 949 3854 regnum
964 3771 1000 3828 et
1018 3755 1149 3827 accolae
1170 3755 1249 3850 ejus
1267 3756 1370 3826 tantis

300 3876 523 3972 subjacerent
538 3876 639 3948 malis
655 3891 690 3946 et
706 3874 1072 3970 calamitatibusque
1087 3875 1144 3944 rix
1160 3873 1234 3943 ulla
1248 3873 1371 3944 elocu-

237 3998 252 4011 '
301 3996 398 4065 tione
421 3993 600 4089 adaquari
627 4007 791 4090 possent,
816 4006 856 4062 ut
883 3993 916 4063 ei
941 3990 1204 4088 approbaretur
1221 3991 1370 4060 minime

300 4110 539 4184 laborandum
553 4125 641 4197 erat,
655 4109 718 4180 sed
735 4133 995 4208 supervacuum
1010 4107 1152 4205 penitus
1166 4107 1367 4196 exstitisset,

305 4247 390 4297 cum
411 4224 521 4322 ipsius
542 4223 820 4294 testimoniores
841 4219 976 4294 itasibi
997 4219 1195 4321 complura
1215 4234 1369 4290 ercom-
