2946 5070
591 459 701 514 LIBER
722 458 873 519 SEXTUS.

544 713 800 794 CAPl‘lllLUM
826 712 916 781 xlx.

198 917 238 968 De
249 912 413 968 lamentabili
422 906 499 966 obitu
510 870 617 966 illustris
626 912 741 966 dominu
750 909 851 995 Mario,
864 908 924 961 filia
932 910 1017 962 unico
1029 909 1127 976 Caroli,
1141 910 1263 982 Burgun-

488 995 601 1051 dionum
613 996 697 1061 ducis,
712 994 824 1048 ducisse
834 994 944 1048 Austriae
956 995 976 1046 ¹.

249 1169 312 1242 llis
333 1167 440 1267 hujus
463 1169 635 1267 temporis
653 1167 875 1261 incidentiis,
896 1190 975 1264 quae
997 1165 1102 1239 nohis
1119 1167 1266 1239 minime

200 1286 282 1358 visae
305 1298 389 1357 sunt
412 1285 551 1358 silentio
572 1282 812 1377 transeundae,
834 1307 944 1379 quam
960 1281 1124 1355 breviore
1146 1284 1266 1381 potui·

199 1429 280 1476 mus
301 1405 505 1476 narratione
520 1401 732 1501 perstrictis,
757 1401 803 1474 ad
824 1401 1031 1501 principalis
1050 1416 1179 1475 nostre
1191 1427 1267 1474 sus·

198 1535 310 1619 ceptae
325 1520 586 1618 prosecutionis
602 1519 767 1592 ordinem
790 1517 989 1591 redeamus.

251 1639 508 1708 Procurreumt
533 1635 665 1733 quippe
690 1648 821 1728 treugae
849 1632 916 1705 illae
942 1631 1109 1718 armales,
1140 1648 1268 1729 negata

199 1766 347 1854 prorsus
377 1753 677 1826 commerciorum
706 1752 799 1823 inter
828 1766 996 1847 utrasque
1022 1764 1145 1845 terras,
1177 1753 1268 1850 regis

200 1871 333 1943 scilicet
354 1866 415 1968 [et]
437 1867 551 1957 ducis,
572 1866 919 1959 communicatione,
946 1867 1028 1939 satis
1053 1868 1264 1966 tranquille3

199 1987 385 2060 nonnullis
399 1999 519 2058 tamen
536 1984 744 2059 latrunculis
764 2008 904 2082 semper
922 1984 1016 2056 ultro
1031 1984 1192 2080 citroque
1211 2009 1268 2057 ra·

198 2102 342 2200 pinulas
363 2099 575 2173 iacientibus
593 2115 719 2172 contra
739 2099 937 2172 limitaneas
955 2098 1054 2171 villas
1075 2097 1268 2172 amborum

198 2217 434 2313 dominorum
449 2218 472 2286 ¹.
507 2219 641 2288 Verum
675 2216 763 2288 dum
797 2217 847 2288 sic
879 2215 925 2293 ab
960 2216 1067 2287 armis
1101 2215 1268 2314 utrinque

198 2334 419 2432 quiesceret,
437 2332 519 2406 satis
535 2330 707 2407 infaustus
723 2331 789 2431 ipsi
807 2332 951 2404 Austriae
969 2331 1053 2403 duci
1069 2355 1171 2407 casus
1185 2356 1269 2430 pro-

198 2451 309 2525 venit.
338 2453 427 2522 Nam
450 2448 597 2520 illustris
621 2447 681 2520 illa
705 2448 833 2542 Maria,
860 2449 991 2546 conjux
1022 2447 1089 2521 sibi
1117 2448 1270 2521 dilectis·

200 2569 307 2659 mma,
322 2564 481 2638 defuncti
495 2563 614 2636 Caroli
631 2561 1049 2660 ducisssurgundionum
1066 2565 1173 2637 unica
1188 2589 1269 2662 pro·

199 2683 264 2772 les,
286 2683 324 2754 in
342 2680 479 2780 oppido
498 2679 620 2775 Brugis
640 2704 682 2751 ex
706 2679 784 2769 hac
800 2678 956 2751 instabili
981 2680 1060 2752 luce
1089 2677 1270 2752 subtracta

200 2814 265 2872 est.
288 2802 379 2871 Cum
397 2798 494 2870 enim
509 2798 603 2896 ipsa,
619 2818 699 2894 quae
712 2798 749 2869 in
767 2797 856 2868 llore
872 2811 949 2869 erat
961 2821 1034 2869 suae
1047 2796 1266 2894 juventutis,

200 2915 342 2988 exiisset
358 2913 441 2986 dicti
460 2912 584 3012 oppidi
599 2925 721 3013 portas
733 2927 783 3004 et,
800 2926 902 2986 vecta
915 2938 1024 3009 equo,
1041 2913 1270 2985 recreationis

200 3056 307 3104 causa
337 3055 441 3128 agros
464 3030 603 3102 vicinos
632 3028 818 3122 lustraret,
853 3031 1002 3126 contigit
1034 3054 1179 3126 equum
1193 3054 1267 3127 quo

201 3147 418 3241 vehebatur,
439 3172 502 3220 seu
532 3161 664 3218 terrore
689 3146 900 3244 repentino,
929 3171 991 3219 seu
1011 3147 1156 3220 lascivia
1180 3171 1268 3219 con-

202 3272 369 3364 citatum,
388 3290 529 3344 sursum
545 3295 582 3344 se
601 3269 648 3342 ab
665 3271 842 3344 anteriore
860 3287 961 3369 parte
986 3271 1194 3363 elevandol,
1212 3297 1267 3345 re·

202 3471 392 3550 saint-Siege,
403 3490 477 3548 pour
490 3469 588 3527 reunir
601 3469 642 3528 les
655 3467 755 3528 efforts
765 3468 836 3527 dela
850 3469 1007 3530 chretiente
1019 3485 1120 3531 contre
1132 3471 1268 3532 l’ennemi

202 3585 348 3626 commun.
367 3565 453 3623 Iouis
469 3567 512 3621 xl
530 3560 664 3641 rc'pondit
680 3562 749 3641 qu’il
767 3562 892 3621 trouvait
905 3564 967 3622 cela
981 3564 1138 3639 tris-bien,
1153 3587 1268 3648 pourvu

203 3663 292 3737 qu’on
310 3657 351 3715 lui
367 3655 475 3715 donnat
488 3656 515 3714 la
531 3655 660 3735 garantie
672 3675 729 3733 que
745 3656 773 3714 la
792 3659 871 3714 treve
892 3658 977 3717 serait
997 3658 1137 3721 observee
1156 3681 1209 3741 par
1227 3663 1268 3720 les

203 3754 367 3834 puissances
376 3771 447 3811 avec
456 3752 505 3831 qui
514 3751 534 3810 il
543 3752 653 3810 etaiten
662 3752 1267 3833 guerre.Lenglet·Dulresnoy,commines,

203 3853 399 3930 emp&

241 3949 270 4005 l.
293 3944 427 4024 Glrepilre
438 3943 571 4022 imprime
580 3942 651 4002 dans
661 3943 866 4020 l'Amplitsima
879 3945 1015 4021 collectio,
1030 3957 1051 4003 t.
1066 3946 1263 4018 IV,001.792.

241 4041 269 4098 Ξ.
293 4039 391 4097 Plutot
404 4041 600 4095 dominiorum.

243 4135 271 4191 3.
295 4132 381 4190 Selon
401 4131 532 4201 molinet,
555 4155 569 4182 ι
589 4129 643 4188 elle
664 4129 750 4188 cheul
769 4131 816 4203 jus
837 4131 873 4189 de
893 4151 923 4189 sa
942 4110 1125 4210 hacquenee,
1143 4133 1192 4210 qui
1210 4133 1267 4191 lors

206 4223 390 4304 deschanglee
403 4224 497 4282 estoit.
513 4250 525 4273 n
541 4228 574 4281 Τ.
589 4227 636 4294 11,
652 4242 679 4331 c,
695 4225 745 4281 85.
