2946 5070
169 490 228 548 3b8
594 483 797 552 stomun,

169 621 403 692 innocentum
423 614 712 715 oppressoribus,
732 614 882 713 quibus,
900 616 993 715 proh
1019 616 1153 690 dolor!
1174 644 1239 690 no·

170 736 242 809 bile
256 734 440 833 quondam
456 756 606 829 regnum
621 731 710 805 illud
727 733 879 805 nimium
895 732 1080 826 abundat,
1102 734 1150 806 ad
1167 750 1238 833 pte

171 878 235 927 nas
264 851 441 944 trahatur,
470 865 643 946 tanquam
671 848 733 945 qui
759 872 890 947 corpus
917 862 953 920 et
982 846 1087 923 bona
1114 855 1237 926 omnia

170 967 409 1042 confiscasset.

220 1089 307 1172 Quae
335 1108 418 1155 cum
440 1082 489 1153 ita
514 1079 611 1179 'apud
638 1079 898 1176 Rothomagum
916 1081 1076 1153 factitata
1096 1098 1231 1176 essent,

170 1224 191 1273 a
218 1198 418 1294 talibusque
444 1192 762 1268 calumniatoribus
784 1209 820 1267 et
848 1195 1123 1292 oppressoribus
1153 1223 1232 1270 cum

172 1316 270 1387 omni
293 1314 474 1409 diligentia
494 1325 774 1410 perscrutaretur
800 1311 830 1383 si
853 1312 942 1384 alios
965 1312 1129 1384 invenire
1148 1339 1232 1412 pos-

171 1444 266 1518 sent,
284 1429 321 1500 in
344 1452 435 1525 quos
450 1428 581 1499 similes
607 1427 809 1516 violentias,
836 1425 941 1498 dolos
963 1442 1074 1526 atque
1095 1432 1232 1528 rapinas

101 1621 107 1634 ,
171 1559 394 1635 exercerent,
417 1543 561 1617 tandem
583 1542 630 1615 ad
646 1543 761 1615 dictos
778 1557 849 1614 tres
864 1557 1007 1616 nostros
1023 1568 1230 1640 germanos,

170 1683 262 1757 quos
277 1659 389 1757 patria
407 1660 528 1758 pulsos
549 1659 770 1756 Parisiusque
786 1657 988 1767 confinatos
1007 1660 1117 1733 fuisse
1131 1687 1233 1761 supra

171 1775 346 1867 diximus,
368 1788 578 1874 perventum
595 1789 667 1867 est,
689 1775 902 1871 fueruntque
922 1776 989 1874 ipsi
1004 1789 1078 1848 tres
1092 1777 1233 1851 adducti

172 1918 237 1991 per
244 1893 464 1991 apparitores
476 1890 592 1986 regios
602 1889 649 1962 ad
658 1890 896 1963 Castelletum.
915 1895 999 1980 Quo
1014 1917 1104 1964 cum
1117 1919 1235 1968 coram

168 2004 290 2101 judice
307 2002 482 2075 criminali
498 2000 647 2074 luissent
658 2002 805 2075 exhibiti
814 2003 852 2074 in
860 2002 944 2075 loco
955 2016 1233 2100 tormentorum,

172 2122 208 2193 in
226 2139 300 2217 quo
317 2121 362 2193 de
378 2119 447 2191 reis
459 2119 663 2218 capitalium
680 2120 871 2191 criminum
887 2121 1105 2215 quaestiones
1115 2121 1235 2195 baberi

172 2238 304 2324 solent,
325 2236 467 2308 luerunt
483 2235 633 2331 adjurati
657 2259 795 2326 omnes,
814 2234 882 2307 sub
905 2261 1015 2335 poena
1034 2239 1174 2337 capitis,
1193 2239 1235 2312 ad

173 2350 386 2451 inquirenda
409 2352 527 2422 dicere
554 2352 750 2424 veritatem.
780 2351 888 2449 Quod
914 2377 997 2424 cum
1024 2378 1063 2426 se
1083 2353 1236 2427 facturos

169 2468 363 2564 jurassent,
385 2465 528 2539 fuerunt
551 2492 615 2566 per
635 2468 795 2564 judicem
814 2468 1008 2565 sigillatim,
1029 2470 1236 2544 absentibus

173 2582 325 2671 caeteris,
349 2581 499 2679 quilibet
513 2583 703 2655 examinati
722 2598 827 2679 atque
843 2584 1050 2680 interrogati
1069 2611 1162 2684 quas
1178 2613 1236 2687 pe·

173 2697 296 2771 eunias
319 2697 366 2769 de
379 2695 612 2795 proventibus
627 2699 757 2770 nostris
774 2699 1015 2773 ecclesiasticis
1041 2715 1152 2798 atque
1179 2727 1237 2800 pa·

173 2811 435 2884 trimonialibus
461 2811 518 2883 vel
542 2836 608 2910 pro
646 2812 752 2885 uobis
780 2815 1012 2912 recepissent,
1041 2817 1099 2888 vel
1134 2816 1236 2889 nobis

174 2929 419 3018 destinassent,
439 2944 475 3002 et
487 2954 552 3027 per
568 2955 659 3027 quos
675 2932 713 3003 id
732 2932 865 3005 lactum
880 2934 1078 3014 exstitisset.
1092 2939 1236 3010 Seniore

173 3060 293 3118 autem
310 3071 353 3117 ex
376 3046 461 3145 ipsis
484 3045 617 3139 tribus,
636 3049 698 3143 qui
721 3051 1017 3148 septuagesimum
1030 3053 1109 3149 jam
1130 3055 1237 3126 aetatis

174 3177 368 3233 excesserat
391 3186 526 3234 annum
539 3166 560 3252 ¹,
581 3188 625 3236 eo
644 3164 743 3261 quod
761 3183 983 3240 sacramento
1010 3168 1187 3243 firmasset
1202 3196 1237 3242 se

173 3275 218 3347 de
244 3275 350 3348 rebus
372 3280 502 3351 nostris
519 3280 653 3353 nullam
671 3306 816 3379 prorsus
831 3284 998 3358 babuisse
1015 3286 1240 3361 administra·

173 3392 308 3464 tionem
325 3409 386 3465 aut
402 3419 542 3491 curam,
562 3397 721 3490 dimiss0,
742 3425 882 3473 necesse
900 3403 977 3475 aliis
993 3402 1141 3478 duobus
1160 3406 1236 3493 suit,

173 3507 305 3606 quibus
319 3535 438 3582 rerum
458 3528 661 3586 nostrarum
677 3518 926 3591 omnimodam
945 3523 1241 3596 commiseramus

173 3628 485 3724 procurationem,
507 3644 546 3700 ut
567 3631 605 3701 ir'r
623 3633 788 3705 eamdem
804 3635 1003 3707 concordes
1025 3641 1240 3712 sententiam

174 3765 240 3827 nec
264 3765 285 3815 a
307 3767 344 3814 se
364 3742 517 3814 invicem
535 3743 756 3820 discedentes
787 3750 1044 3823 invenirentur.
1068 3756 1186 3841 ¹Quod
1213 3756 1242 3828 si

173 3855 385 3955 deprehensi
414 3858 576 3975 luissent,
596 3862 822 3937 manifestum
844 3867 895 3937 eis
919 3867 1155 3966 impendebat
1172 3873 1243 3944 exi·

215 4145 242 4199 l.
267 4144 305 4203 Ce
320 4142 380 4200 doit
401 4144 462 4202 etre
482 4142 585 4203 Michel
603 4144 709 4220 Basin,
730 4166 781 4206 sur
795 4148 890 4227 lequel
907 4169 946 4209 on
967 4162 1106 4212 trouvera
1123 4173 1165 4213 nn
1181 4169 1244 4214 acte

174 4235 214 4295 du
227 4235 292 4315 plus
308 4236 401 4317 grand
414 4238 518 4297 interet
531 4239 625 4318 parmi
639 4239 681 4300 les
692 4239 788 4321 pieces
800 4241 839 4304 du
852 4242 1013 4322 quatrieme
1028 4246 1160 4308 volume.
