<?xml version="1.0" encoding="UTF-8"?>
<!DOCTYPE html PUBLIC "-//W3C//DTD XHTML 1.0 Transitional//EN"
    "http://www.w3.org/TR/xhtml1/DTD/xhtml1-transitional.dtd">
<html xmlns="http://www.w3.org/1999/xhtml" xml:lang="en" lang="en">
 <head>
  <title>
</title>
<meta http-equiv="Content-Type" content="text/html;charset=utf-8" />
  <meta name='ocr-system' content='tesseract 3.04.00' />
  <meta name='ocr-capabilities' content='ocr_page ocr_carea ocr_par ocr_line ocrx_word'/>
</head>
<body>
  <div class='ocr_page' id='page_1' title='image "./histoiredesrgne00amelgoog_0153.png"; bbox 0 0 2946 5070; ppageno 0'>
   <div class='ocr_carea' id='block_1_1' title="bbox 202 444 995 509">
    <p class='ocr_par' dir='ltr' id='par_1_1' title="bbox 202 444 995 509">
     <span class='ocr_line' id='line_1_1' title="bbox 202 444 995 509; baseline -0.005 0"><span class='ocrx_word' id='word_1_1' title='bbox 202 452 245 509; x_wconf 71' lang='grc'><strong>16</strong></span> <span class='ocrx_word' id='word_1_2' title='bbox 476 444 733 505; x_wconf 69' lang='lat' dir='ltr'><strong>montaum</strong></span> <span class='ocrx_word' id='word_1_3' title='bbox 752 444 933 505; x_wconf 69' lang='lat' dir='ltr'><strong>mmm</strong></span> <span class='ocrx_word' id='word_1_4' title='bbox 949 446 995 505; x_wconf 80' lang='lat' dir='ltr'><strong>n</strong></span> 
     </span>
    </p>
   </div>
   <div class='ocr_carea' id='block_1_2' title="bbox 201 576 1276 3005">
    <p class='ocr_par' dir='ltr' id='par_1_2' title="bbox 201 576 1270 1263">
     <span class='ocr_line' id='line_1_2' title="bbox 202 576 1268 683; baseline -0.002 -30"><span class='ocrx_word' id='word_1_5' title='bbox 202 576 574 683; x_wconf 82' lang='lat' dir='ltr'><strong>qnam,sinednbio,</strong></span> <span class='ocrx_word' id='word_1_6' title='bbox 595 576 1209 706; x_wconf 76' lang='lat' dir='ltr'><strong>longeampliornunrenrseomm¹</strong></span> <span class='ocrx_word' id='word_1_7' title='bbox 1221 578 1268 651; x_wconf 84' lang='lat' dir='ltr'><strong>de</strong></span> 
     </span>
     <span class='ocr_line' id='line_1_3' title="bbox 201 690 1270 793; baseline -0.006 -20"><span class='ocrx_word' id='word_1_8' title='bbox 201 692 470 773; x_wconf 67' lang='lat' dir='ltr'><strong>summissus</strong></span> <span class='ocrx_word' id='word_1_9' title='bbox 493 690 651 785; x_wconf 74' lang='lat' dir='ltr'><strong>(ivibus,</strong></span> <span class='ocrx_word' id='word_1_10' title='bbox 685 694 747 790; x_wconf 89' lang='lat' dir='ltr'><strong>qui</strong></span> <span class='ocrx_word' id='word_1_11' title='bbox 770 692 817 764; x_wconf 89' lang='lat' dir='ltr'><strong>ad</strong></span> <span class='ocrx_word' id='word_1_12' title='bbox 831 694 1031 793; x_wconf 85' lang='lat' dir='ltr'><strong>parendum</strong></span> <span class='ocrx_word' id='word_1_13' title='bbox 1043 708 1152 791; x_wconf 86' lang='lat' dir='ltr'><strong>atque</strong></span> <span class='ocrx_word' id='word_1_14' title='bbox 1168 693 1270 768; x_wconf 85' lang='lat' dir='ltr'><strong>obse·</strong></span> 
     </span>
     <span class='ocr_line' id='line_1_4' title="bbox 202 750 1270 915; baseline -0.005 -29"><span class='ocrx_word' id='word_1_15' title='bbox 202 810 472 915; x_wconf 73' lang='lat' dir='ltr'><strong>quendummo</strong></span> <span class='ocrx_word' id='word_1_16' title='bbox 485 750 651 911; x_wconf 83' lang='lat' dir='ltr'><strong>pontifici</strong></span> <span class='ocrx_word' id='word_1_17' title='bbox 672 809 931 904; x_wconf 86' lang='lat' dir='ltr'><strong>afficiebantur,</strong></span> <span class='ocrx_word' id='word_1_18' title='bbox 958 814 1153 893; x_wconf 78' lang='lat' dir='ltr'><strong>exsisteret,-</strong></span> <span class='ocrx_word' id='word_1_19' title='bbox 1175 814 1270 910; x_wconf 81' lang='lat' dir='ltr'><strong>quis·</strong></span> 
     </span>
     <span class='ocr_line' id='line_1_5' title="bbox 202 927 1270 1029; baseline -0.001 -27"><span class='ocrx_word' id='word_1_20' title='bbox 202 954 277 1029; x_wconf 79' lang='lat' dir='ltr'><strong>que</strong></span> <span class='ocrx_word' id='word_1_21' title='bbox 313 942 391 1003; x_wconf 82' lang='lat' dir='ltr'><strong>erat</strong></span> <span class='ocrx_word' id='word_1_22' title='bbox 423 928 488 1025; x_wconf 87' lang='lat' dir='ltr'><strong>qui</strong></span> <span class='ocrx_word' id='word_1_23' title='bbox 522 942 650 1000; x_wconf 73' lang='lat' dir='ltr'><strong>oonua</strong></span> <span class='ocrx_word' id='word_1_24' title='bbox 687 927 830 1001; x_wconf 88' lang='lat' dir='ltr'><strong>decreta</strong></span> <span class='ocrx_word' id='word_1_25' title='bbox 856 929 912 1000; x_wconf 76' lang='lat' dir='ltr'><strong>vel</strong></span> <span class='ocrx_word' id='word_1_26' title='bbox 951 929 1270 1001; x_wconf 86' lang='lat' dir='ltr'><strong>inordinatissimas</strong></span> 
     </span>
     <span class='ocr_line' id='line_1_6' title="bbox 203 1042 1269 1119; baseline -0.001 0"><span class='ocrx_word' id='word_1_27' title='bbox 203 1044 391 1119; x_wconf 66' lang='lat' dir='ltr'><strong>rebellium</strong></span> <span class='ocrx_word' id='word_1_28' title='bbox 411 1042 618 1119; x_wconf 72' lang='lat' dir='ltr'><strong>affectiones</strong></span> <span class='ocrx_word' id='word_1_29' title='bbox 634 1046 762 1117; x_wconf 89' lang='lat' dir='ltr'><strong>mutire</strong></span> <span class='ocrx_word' id='word_1_30' title='bbox 786 1045 933 1118; x_wconf 82' lang='lat' dir='ltr'>auderet</span> <span class='ocrx_word' id='word_1_31' title='bbox 954 1075 964 1117; x_wconf 71' lang='grc' dir='ltr'>ε</span> <span class='ocrx_word' id='word_1_32' title='bbox 990 1048 1027 1117; x_wconf 93' lang='lat' dir='ltr'><strong>in</strong></span> <span class='ocrx_word' id='word_1_33' title='bbox 1045 1062 1147 1119; x_wconf 89' lang='lat' dir='ltr'><strong>tanto</strong></span> <span class='ocrx_word' id='word_1_34' title='bbox 1172 1062 1269 1118; x_wconf 92' lang='lat' dir='ltr'><strong>metu</strong></span> 
     </span>
     <span class='ocr_line' id='line_1_7' title="bbox 202 1160 650 1263; baseline -0.016 -24"><span class='ocrx_word' id='word_1_35' title='bbox 202 1188 248 1239; x_wconf 72' lang='lat' dir='ltr'><strong>ae</strong></span> <span class='ocrx_word' id='word_1_36' title='bbox 260 1164 370 1237; x_wconf 84' lang='lat' dir='ltr'><strong>minis</strong></span> <span class='ocrx_word' id='word_1_37' title='bbox 383 1160 650 1263; x_wconf 62' lang='lat' dir='ltr'><strong>promebantur.</strong></span> 
     </span>
    </p>

    <p class='ocr_par' dir='ltr' id='par_1_3' title="bbox 203 1279 1276 3005">
     <span class='ocr_line' id='line_1_8' title="bbox 253 1279 1272 1379; baseline 0.002 -26"><span class='ocrx_word' id='word_1_38' title='bbox 253 1286 369 1379; x_wconf 77' lang='lat' dir='ltr'><strong>Atque</strong></span> <span class='ocrx_word' id='word_1_39' title='bbox 393 1304 497 1371; x_wconf 75' lang='lat' dir='ltr'><strong>ann,</strong></span> <span class='ocrx_word' id='word_1_40' title='bbox 517 1279 649 1351; x_wconf 82' lang='lat' dir='ltr'><strong>iniecto</strong></span> <span class='ocrx_word' id='word_1_41' title='bbox 667 1281 765 1378; x_wconf 82' lang='lat' dir='ltr'><strong>pacis</strong></span> <span class='ocrx_word' id='word_1_42' title='bbox 793 1283 955 1375; x_wconf 83' lang='lat' dir='ltr'><strong>negotio,</strong></span> <span class='ocrx_word' id='word_1_43' title='bbox 984 1280 1088 1377; x_wconf 79' lang='lat' dir='ltr'><strong>legati</strong></span> <span class='ocrx_word' id='word_1_44' title='bbox 1119 1283 1272 1355; x_wconf 77' lang='lat' dir='ltr'><strong>civitatis</strong></span> 
     </span>
     <span class='ocr_line' id='line_1_9' title="bbox 203 1394 1271 1493; baseline -0.001 -22"><span class='ocrx_word' id='word_1_45' title='bbox 203 1397 359 1472; x_wconf 89' lang='lat' dir='ltr'><strong>domum</strong></span> <span class='ocrx_word' id='word_1_46' title='bbox 374 1421 419 1469; x_wconf 87' lang='lat' dir='ltr'><strong>ex</strong></span> <span class='ocrx_word' id='word_1_47' title='bbox 438 1394 630 1469; x_wconf 85' lang='lat' dir='ltr'><strong>Brabantia</strong></span> <span class='ocrx_word' id='word_1_48' title='bbox 645 1398 891 1487; x_wconf 75' lang='lat' dir='ltr'><strong>revertissent,</strong></span> <span class='ocrx_word' id='word_1_49' title='bbox 909 1422 1082 1493; x_wconf 83' lang='lat' dir='ltr'><strong>magnum</strong></span> <span class='ocrx_word' id='word_1_50' title='bbox 1105 1398 1271 1470; x_wconf 85' lang='lat' dir='ltr'><strong>nrthero·</strong></span> 
     </span>
     <span class='ocr_line' id='line_1_10' title="bbox 204 1511 1272 1611; baseline 0 -25"><span class='ocrx_word' id='word_1_51' title='bbox 204 1538 287 1587; x_wconf 90' lang='lat' dir='ltr'><strong>rum</strong></span> <span class='ocrx_word' id='word_1_52' title='bbox 302 1536 515 1606; x_wconf 83' lang='lat' dir='ltr'><strong>numerum,</strong></span> <span class='ocrx_word' id='word_1_53' title='bbox 537 1514 700 1609; x_wconf 88' lang='lat' dir='ltr'><strong>equitum</strong></span> <span class='ocrx_word' id='word_1_54' title='bbox 729 1527 836 1608; x_wconf 86' lang='lat' dir='ltr'><strong>atque</strong></span> <span class='ocrx_word' id='word_1_55' title='bbox 856 1511 1017 1611; x_wconf 86' lang='lat' dir='ltr'><strong>pediturn</strong></span> <span class='ocrx_word' id='word_1_56' title='bbox 1035 1570 1046 1605; x_wconf 97' lang='lat'><strong>,</strong></span> <span class='ocrx_word' id='word_1_57' title='bbox 1067 1512 1272 1587; x_wconf 84' lang='lat' dir='ltr'>rebellionis</span> 
     </span>
     <span class='ocr_line' id='line_1_11' title="bbox 206 1628 1272 1726; baseline 0.001 -23"><span class='ocrx_word' id='word_1_58' title='bbox 206 1645 372 1703; x_wconf 73' lang='lat' dir='ltr'><strong>auctores</strong></span> <span class='ocrx_word' id='word_1_59' title='bbox 392 1628 646 1725; x_wconf 84' lang='lat' dir='ltr'><strong>undecumque</strong></span> <span class='ocrx_word' id='word_1_60' title='bbox 674 1642 857 1726; x_wconf 88' lang='lat' dir='ltr'><strong>poterant,</strong></span> <span class='ocrx_word' id='word_1_61' title='bbox 884 1628 1128 1719; x_wconf 81' lang='lat' dir='ltr'><strong>adscirerrmt3</strong></span> <span class='ocrx_word' id='word_1_62' title='bbox 1163 1633 1212 1704; x_wconf 88' lang='lat' dir='ltr'><strong>ita</strong></span> <span class='ocrx_word' id='word_1_63' title='bbox 1231 1647 1272 1703; x_wconf 92' lang='lat' dir='ltr'><strong>ut</strong></span> 
     </span>
     <span class='ocr_line' id='line_1_12' title="bbox 206 1741 1274 1845; baseline 0.003 -28"><span class='ocrx_word' id='word_1_64' title='bbox 206 1743 344 1844; x_wconf 81' lang='lat' dir='ltr'><strong>absque</strong></span> <span class='ocrx_word' id='word_1_65' title='bbox 366 1742 594 1838; x_wconf 85' lang='lat' dir='ltr'><strong>difficultate,</strong></span> <span class='ocrx_word' id='word_1_66' title='bbox 615 1745 645 1815; x_wconf 88' lang='lat' dir='ltr'><strong>si</strong></span> <span class='ocrx_word' id='word_1_67' title='bbox 664 1744 717 1815; x_wconf 86' lang='lat' dir='ltr'><strong>eis</strong></span> <span class='ocrx_word' id='word_1_68' title='bbox 734 1741 912 1838; x_wconf 73' lang='lat' dir='ltr'><strong>libuisset,</strong></span> <span class='ocrx_word' id='word_1_69' title='bbox 927 1760 964 1816; x_wconf 94' lang='lat' dir='ltr'><strong>et</strong></span> <span class='ocrx_word' id='word_1_70' title='bbox 982 1743 1136 1845; x_wconf 86' lang='lat' dir='ltr'><strong>diripere</strong></span> <span class='ocrx_word' id='word_1_71' title='bbox 1153 1748 1274 1820; x_wconf 81' lang='lat' dir='ltr'><strong>cirita·</strong></span> 
     </span>
     <span class='ocr_line' id='line_1_13' title="bbox 205 1860 1273 1959; baseline 0.002 -24"><span class='ocrx_word' id='word_1_72' title='bbox 205 1876 297 1955; x_wconf 85' lang='lat' dir='ltr'><strong>tem,</strong></span> <span class='ocrx_word' id='word_1_73' title='bbox 322 1876 360 1934; x_wconf 87' lang='lat' dir='ltr'><strong>et</strong></span> <span class='ocrx_word' id='word_1_74' title='bbox 389 1862 485 1933; x_wconf 75' lang='lat' dir='ltr'><strong>cives</strong></span> <span class='ocrx_word' id='word_1_75' title='bbox 510 1860 688 1933; x_wconf 88' lang='lat' dir='ltr'><strong>trucidare</strong></span> <span class='ocrx_word' id='word_1_76' title='bbox 717 1863 933 1959; x_wconf 75' lang='lat' dir='ltr'><strong>potuissent,</strong></span> <span class='ocrx_word' id='word_1_77' title='bbox 966 1863 1033 1935; x_wconf 91' lang='lat' dir='ltr'><strong>nisi</strong></span> <span class='ocrx_word' id='word_1_78' title='bbox 1058 1863 1130 1934; x_wconf 88' lang='lat' dir='ltr'><strong>boc</strong></span> <span class='ocrx_word' id='word_1_79' title='bbox 1149 1862 1273 1937; x_wconf 76' lang='lat' dir='ltr'><strong>divina</strong></span> 
     </span>
     <span class='ocr_line' id='line_1_14' title="bbox 206 1977 1272 2078; baseline 0.001 -28"><span class='ocrx_word' id='word_1_80' title='bbox 206 1979 386 2051; x_wconf 83' lang='lat' dir='ltr'><strong>miseratio</strong></span> <span class='ocrx_word' id='word_1_81' title='bbox 401 1979 593 2051; x_wconf 82' lang='lat' dir='ltr'><strong>avertisset.</strong></span> <span class='ocrx_word' id='word_1_82' title='bbox 614 1980 706 2049; x_wconf 90' lang='lat' dir='ltr'><strong>Cum</strong></span> <span class='ocrx_word' id='word_1_83' title='bbox 723 1977 780 2049; x_wconf 89' lang='lat' dir='ltr'><strong>his</strong></span> <span class='ocrx_word' id='word_1_84' title='bbox 796 1979 915 2078; x_wconf 87' lang='lat' dir='ltr'><strong>itaque</strong></span> <span class='ocrx_word' id='word_1_85' title='bbox 933 1979 1117 2078; x_wconf 60' lang='lat' dir='ltr'><strong>predandi</strong></span> <span class='ocrx_word' id='word_1_86' title='bbox 1129 2003 1173 2051; x_wconf 87' lang='lat' dir='ltr'><strong>ac</strong></span> <span class='ocrx_word' id='word_1_87' title='bbox 1188 2004 1272 2078; x_wconf 89' lang='lat' dir='ltr'><strong>spo-</strong></span> 
     </span>
     <span class='ocr_line' id='line_1_15' title="bbox 207 2095 1276 2195; baseline 0.002 -27"><span class='ocrx_word' id='word_1_88' title='bbox 207 2096 320 2169; x_wconf 88' lang='lat' dir='ltr'><strong>liandi</strong></span> <span class='ocrx_word' id='word_1_89' title='bbox 348 2098 606 2187; x_wconf 85' lang='lat' dir='ltr'><strong>instmmentis,</strong></span> <span class='ocrx_word' id='word_1_90' title='bbox 634 2096 768 2192; x_wconf 83' lang='lat' dir='ltr'><strong>junctis</strong></span> <span class='ocrx_word' id='word_1_91' title='bbox 783 2121 867 2168; x_wconf 91' lang='lat' dir='ltr'><strong>cum</strong></span> <span class='ocrx_word' id='word_1_92' title='bbox 895 2099 947 2169; x_wconf 86' lang='lat' dir='ltr'><strong>eis</strong></span> <span class='ocrx_word' id='word_1_93' title='bbox 956 2095 1116 2188; x_wconf 68' lang='lat' dir='ltr'><strong>cuibus,</strong></span> <span class='ocrx_word' id='word_1_94' title='bbox 1134 2099 1276 2195; x_wconf 79' lang='lat' dir='ltr'><strong>quoties</strong></span> 
     </span>
     <span class='ocr_line' id='line_1_16' title="bbox 204 2211 1274 2313; baseline 0.003 -30"><span class='ocrx_word' id='word_1_95' title='bbox 204 2228 243 2283; x_wconf 92' lang='lat' dir='ltr'><strong>et</strong></span> <span class='ocrx_word' id='word_1_96' title='bbox 270 2211 318 2284; x_wconf 85' lang='lat' dir='ltr'><strong>ad</strong></span> <span class='ocrx_word' id='word_1_97' title='bbox 348 2237 506 2310; x_wconf 93' lang='lat' dir='ltr'><strong>quorum</strong></span> <span class='ocrx_word' id='word_1_98' title='bbox 542 2236 732 2283; x_wconf 90' lang='lat' dir='ltr'><strong>numerum</strong></span> <span class='ocrx_word' id='word_1_99' title='bbox 756 2211 955 2285; x_wconf 81' lang='lat' dir='ltr'><strong>rectoribus</strong></span> <span class='ocrx_word' id='word_1_100' title='bbox 971 2215 1147 2313; x_wconf 77' lang='lat' dir='ltr'><strong>imperare</strong></span> <span class='ocrx_word' id='word_1_101' title='bbox 1177 2214 1274 2287; x_wconf 82' lang='lat' dir='ltr'><strong>colli·</strong></span> 
     </span>
     <span class='ocr_line' id='line_1_17' title="bbox 207 2327 1274 2429; baseline 0.005 -30"><span class='ocrx_word' id='word_1_102' title='bbox 207 2327 359 2421; x_wconf 81' lang='lat' dir='ltr'><strong>buisset,</strong></span> <span class='ocrx_word' id='word_1_103' title='bbox 398 2330 572 2428; x_wconf 81' lang='lat' dir='ltr'><strong>patriam,</strong></span> <span class='ocrx_word' id='word_1_104' title='bbox 615 2344 690 2401; x_wconf 86' lang='lat' dir='ltr'><strong>tam</strong></span> <span class='ocrx_word' id='word_1_105' title='bbox 725 2355 849 2421; x_wconf 89' lang='lat' dir='ltr'><strong>suam,</strong></span> <span class='ocrx_word' id='word_1_106' title='bbox 895 2356 1006 2429; x_wconf 89' lang='lat' dir='ltr'><strong>quam</strong></span> <span class='ocrx_word' id='word_1_107' title='bbox 1045 2331 1274 2405; x_wconf 80' lang='lat' dir='ltr'><strong>Holiandiam</strong></span> 
     </span>
     <span class='ocr_line' id='line_1_18' title="bbox 205 2443 1274 2546; baseline 0.006 -31"><span class='ocrx_word' id='word_1_108' title='bbox 205 2445 382 2537; x_wconf 74' lang='lat' dir='ltr'><strong>vicinam,</strong></span> <span class='ocrx_word' id='word_1_109' title='bbox 411 2446 631 2517; x_wconf 83' lang='lat' dir='ltr'><strong>incursantes</strong></span> <span class='ocrx_word' id='word_1_110' title='bbox 663 2443 727 2541; x_wconf 91' lang='lat' dir='ltr'><strong>(id</strong></span> <span class='ocrx_word' id='word_1_111' title='bbox 755 2447 872 2544; x_wconf 82' lang='lat' dir='ltr'><strong>ipsum</strong></span> <span class='ocrx_word' id='word_1_112' title='bbox 900 2449 1008 2520; x_wconf 87' lang='lat' dir='ltr'><strong>etiam</strong></span> <span class='ocrx_word' id='word_1_113' title='bbox 1036 2447 1274 2546; x_wconf 87' lang='lat' dir='ltr'><strong>stipendiariis</strong></span> 
     </span>
     <span class='ocr_line' id='line_1_19' title="bbox 207 2557 1276 2660; baseline 0.004 -28"><span class='ocrx_word' id='word_1_114' title='bbox 207 2561 368 2658; x_wconf 89' lang='lat' dir='ltr'><strong>episcopi</strong></span> <span class='ocrx_word' id='word_1_115' title='bbox 381 2575 417 2631; x_wconf 86' lang='lat' dir='ltr'><strong>et</strong></span> <span class='ocrx_word' id='word_1_116' title='bbox 433 2557 630 2631; x_wconf 82' lang='lat' dir='ltr'><strong>Hollandiae</strong></span> <span class='ocrx_word' id='word_1_117' title='bbox 645 2583 667 2629; x_wconf 93' lang='lat' dir='ltr'><strong>e</strong></span> <span class='ocrx_word' id='word_1_118' title='bbox 680 2557 821 2631; x_wconf 76' lang='lat' dir='ltr'><strong>diverso</strong></span> <span class='ocrx_word' id='word_1_119' title='bbox 837 2561 1101 2657; x_wconf 78' lang='lat' dir='ltr'><strong>referentibus),</strong></span> <span class='ocrx_word' id='word_1_120' title='bbox 1114 2588 1276 2660; x_wconf 87' lang='lat' dir='ltr'><strong>quaqua·</strong></span> 
     </span>
     <span class='ocr_line' id='line_1_20' title="bbox 207 2672 1271 2779; baseline 0.008 -36"><span class='ocrx_word' id='word_1_121' title='bbox 207 2700 372 2766; x_wconf 74' lang='lat' dir='ltr'><strong>versum,</strong></span> <span class='ocrx_word' id='word_1_122' title='bbox 399 2672 580 2771; x_wconf 85' lang='lat' dir='ltr'><strong>usquead</strong></span> <span class='ocrx_word' id='word_1_123' title='bbox 610 2674 678 2744; x_wconf 88' lang='lat' dir='ltr'><strong>tria</strong></span> <span class='ocrx_word' id='word_1_124' title='bbox 707 2688 744 2744; x_wconf 89' lang='lat' dir='ltr'><strong>et</strong></span> <span class='ocrx_word' id='word_1_125' title='bbox 771 2691 927 2772; x_wconf 90' lang='lat' dir='ltr'><strong>quatuor</strong></span> <span class='ocrx_word' id='word_1_126' title='bbox 946 2679 1111 2750; x_wconf 80' lang='lat' dir='ltr'><strong>milliaria</strong></span> <span class='ocrx_word' id='word_1_127' title='bbox 1129 2681 1271 2779; x_wconf 68' lang='lat' dir='ltr'><strong>patriae,</strong></span> 
     </span>
     <span class='ocr_line' id='line_1_21' title="bbox 207 2789 1275 2887; baseline 0.007 -24"><span class='ocrx_word' id='word_1_128' title='bbox 207 2791 395 2883; x_wconf 79' lang='lat' dir='ltr'><strong>incendiis,</strong></span> <span class='ocrx_word' id='word_1_129' title='bbox 424 2789 581 2862; x_wconf 76' lang='lat' dir='ltr'><strong>cedibus</strong></span> <span class='ocrx_word' id='word_1_130' title='bbox 595 2814 638 2861; x_wconf 86' lang='lat' dir='ltr'><strong>ac</strong></span> <span class='ocrx_word' id='word_1_131' title='bbox 663 2791 797 2887; x_wconf 88' lang='lat' dir='ltr'><strong>rapinis</strong></span> <span class='ocrx_word' id='word_1_132' title='bbox 823 2808 1016 2883; x_wconf 77' lang='lat' dir='ltr'><strong>vastatam,</strong></span> <span class='ocrx_word' id='word_1_133' title='bbox 1035 2795 1202 2870; x_wconf 86' lang='lat' dir='ltr'><strong>abrasam</strong></span> <span class='ocrx_word' id='word_1_134' title='bbox 1215 2796 1275 2870; x_wconf 83' lang='lat' dir='ltr'><strong>de·</strong></span> 
     </span>
     <span class='ocr_line' id='line_1_22' title="bbox 207 2907 595 3005; baseline -0.008 -27"><span class='ocrx_word' id='word_1_135' title='bbox 207 2921 409 3005; x_wconf 77' lang='lat' dir='ltr'><strong>sertumque</strong></span> <span class='ocrx_word' id='word_1_136' title='bbox 424 2907 595 2981; x_wconf 81' lang='lat' dir='ltr'><strong>senenmt.</strong></span> 
     </span>
    </p>
   </div>
   <div class='ocr_carea' id='block_1_3' title="bbox 550 3202 951 3274">
    <p class='ocr_par' dir='ltr' id='par_1_4' title="bbox 550 3202 951 3274">
     <span class='ocr_line' id='line_1_23' title="bbox 550 3202 951 3274; baseline 0.01 -4"><span class='ocrx_word' id='word_1_137' title='bbox 550 3202 803 3274; x_wconf 68' lang='lat' dir='ltr'><strong>cremum</strong></span> <span class='ocrx_word' id='word_1_138' title='bbox 829 3206 951 3274; x_wconf 75' lang='lat' dir='ltr'><strong>xxvi.</strong></span> 
     </span>
    </p>
   </div>
   <div class='ocr_carea' id='block_1_4' title="bbox 209 3394 1273 3643">
    <p class='ocr_par' dir='ltr' id='par_1_5' title="bbox 209 3394 1273 3643">
     <span class='ocr_line' id='line_1_24' title="bbox 209 3394 1272 3474; baseline 0.014 -27"><span class='ocrx_word' id='word_1_139' title='bbox 209 3394 356 3459; x_wconf 89' lang='lat' dir='ltr'><strong>Quomodo</strong></span> <span class='ocrx_word' id='word_1_140' title='bbox 367 3398 549 3467; x_wconf 82' lang='lat' dir='ltr'><strong>Trajectenses</strong></span> <span class='ocrx_word' id='word_1_141' title='bbox 554 3397 694 3454; x_wconf 86' lang='lat' dir='ltr'><strong>dominum</strong></span> <span class='ocrx_word' id='word_1_142' title='bbox 706 3401 924 3474; x_wconf 73' lang='lat' dir='ltr'><strong>Enghelbmtnm,</strong></span> <span class='ocrx_word' id='word_1_143' title='bbox 934 3406 1042 3460; x_wconf 76' lang='lat' dir='ltr'><strong>fratrem</strong></span> <span class='ocrx_word' id='word_1_144' title='bbox 1053 3406 1131 3461; x_wconf 74' lang='lat' dir='ltr'><strong>duda</strong></span> <span class='ocrx_word' id='word_1_145' title='bbox 1136 3406 1272 3472; x_wconf 69' lang='lat' dir='ltr'><strong>mirensis,</strong></span> 
     </span>
     <span class='ocr_line' id='line_1_25' title="bbox 246 3482 1273 3564; baseline 0.011 -32"><span class='ocrx_word' id='word_1_146' title='bbox 246 3482 273 3533; x_wconf 91' lang='lat' dir='ltr'><strong>in</strong></span> <span class='ocrx_word' id='word_1_147' title='bbox 294 3483 386 3554; x_wconf 71' lang='lat' dir='ltr'><strong>patric</strong></span> <span class='ocrx_word' id='word_1_148' title='bbox 402 3482 568 3538; x_wconf 81' lang='lat' dir='ltr'><strong>defensorem</strong></span> <span class='ocrx_word' id='word_1_149' title='bbox 584 3483 767 3553; x_wconf 74' lang='lat' dir='ltr'><strong>adsciverunt3</strong></span> <span class='ocrx_word' id='word_1_150' title='bbox 783 3500 809 3542; x_wconf 88' lang='lat' dir='ltr'><strong>et</strong></span> <span class='ocrx_word' id='word_1_151' title='bbox 823 3487 858 3540; x_wconf 85' lang='lat' dir='ltr'><strong>de</strong></span> <span class='ocrx_word' id='word_1_152' title='bbox 873 3488 948 3543; x_wconf 82' lang='lat' dir='ltr'><strong>clade</strong></span> <span class='ocrx_word' id='word_1_153' title='bbox 963 3492 1174 3564; x_wconf 80' lang='lat' dir='ltr'><strong>Trajectensium</strong></span> <span class='ocrx_word' id='word_1_154' title='bbox 1187 3493 1215 3546; x_wconf 93' lang='lat' dir='ltr'><strong>in</strong></span> <span class='ocrx_word' id='word_1_155' title='bbox 1230 3490 1273 3544; x_wconf 76' lang='lat' dir='ltr'><strong>die</strong></span> 
     </span>
     <span class='ocr_line' id='line_1_26' title="bbox 246 3568 938 3643; baseline 0.013 -24"><span class='ocrx_word' id='word_1_156' title='bbox 246 3569 328 3621; x_wconf 82' lang='lat' dir='ltr'><strong>saneti</strong></span> <span class='ocrx_word' id='word_1_157' title='bbox 340 3568 479 3639; x_wconf 79' lang='lat' dir='ltr'><strong>Stephani,</strong></span> <span class='ocrx_word' id='word_1_158' title='bbox 495 3584 520 3623; x_wconf 88' lang='lat' dir='ltr'><strong>et</strong></span> <span class='ocrx_word' id='word_1_159' title='bbox 535 3588 629 3643; x_wconf 79' lang='lat' dir='ltr'><strong>magna</strong></span> <span class='ocrx_word' id='word_1_160' title='bbox 643 3570 755 3625; x_wconf 79' lang='lat' dir='ltr'><strong>civitatis</strong></span> <span class='ocrx_word' id='word_1_161' title='bbox 766 3571 938 3630; x_wconf 64' lang='lat' dir='ltr'><strong>duohtione.</strong></span> 
     </span>
    </p>
   </div>
   <div class='ocr_carea' id='block_1_5' title="bbox 261 3763 1272 3870">
    <p class='ocr_par' dir='ltr' id='par_1_6' title="bbox 261 3763 1272 3870">
     <span class='ocr_line' id='line_1_27' title="bbox 261 3763 1272 3870; baseline 0.013 -38"><span class='ocrx_word' id='word_1_162' title='bbox 261 3763 429 3836; x_wconf 72' lang='lat' dir='ltr'><strong>t&#39;identes</strong></span> <span class='ocrx_word' id='word_1_163' title='bbox 452 3790 561 3862; x_wconf 92' lang='lat' dir='ltr'><strong>porro</strong></span> <span class='ocrx_word' id='word_1_164' title='bbox 597 3782 752 3838; x_wconf 86' lang='lat' dir='ltr'><strong>rectores</strong></span> <span class='ocrx_word' id='word_1_165' title='bbox 775 3769 925 3840; x_wconf 76' lang='lat' dir='ltr'><strong>civitatis</strong></span> <span class='ocrx_word' id='word_1_166' title='bbox 950 3795 988 3841; x_wconf 93' lang='lat' dir='ltr'><strong>se</strong></span> <span class='ocrx_word' id='word_1_167' title='bbox 1020 3797 1095 3844; x_wconf 93' lang='lat' dir='ltr'><strong>non</strong></span> <span class='ocrx_word' id='word_1_168' title='bbox 1119 3774 1272 3870; x_wconf 86' lang='lat' dir='ltr'><strong>potuisse</strong></span> 
     </span>
    </p>
   </div>
   <div class='ocr_carea' id='block_1_6' title="bbox 210 3882 1272 4093">
    <p class='ocr_par' dir='ltr' id='par_1_7' title="bbox 210 3882 1272 4093">
     <span class='ocr_line' id='line_1_28' title="bbox 210 3882 1272 3988; baseline 0.011 -38"><span class='ocrx_word' id='word_1_169' title='bbox 210 3882 380 3976; x_wconf 90' lang='lat' dir='ltr'><strong>consequi</strong></span> <span class='ocrx_word' id='word_1_170' title='bbox 396 3904 540 3980; x_wconf 85' lang='lat' dir='ltr'><strong>pacem,</strong></span> <span class='ocrx_word' id='word_1_171' title='bbox 567 3908 676 3979; x_wconf 87' lang='lat' dir='ltr'><strong>quam</strong></span> <span class='ocrx_word' id='word_1_172' title='bbox 708 3882 842 3956; x_wconf 82' lang='lat' dir='ltr'><strong>habere</strong></span> <span class='ocrx_word' id='word_1_173' title='bbox 872 3905 1098 3984; x_wconf 73' lang='lat' dir='ltr'><strong>speraverant</strong></span> <span class='ocrx_word' id='word_1_174' title='bbox 1122 3906 1185 3961; x_wconf 87' lang='lat' dir='ltr'><strong>aut</strong></span> <span class='ocrx_word' id='word_1_175' title='bbox 1199 3916 1272 3988; x_wconf 86' lang='lat' dir='ltr'><strong>spe·</strong></span> 
     </span>
     <span class='ocr_line' id='line_1_29' title="bbox 212 3995 1271 4093; baseline 0.014 -26"><span class='ocrx_word' id='word_1_176' title='bbox 212 4019 306 4068; x_wconf 89' lang='lat' dir='ltr'><strong>rasse</strong></span> <span class='ocrx_word' id='word_1_177' title='bbox 322 3995 498 4069; x_wconf 84' lang='lat' dir='ltr'><strong>finxerant</strong></span> <span class='ocrx_word' id='word_1_178' title='bbox 514 4023 578 4070; x_wconf 92' lang='lat' dir='ltr'><strong>seu</strong></span> <span class='ocrx_word' id='word_1_179' title='bbox 606 3999 876 4093; x_wconf 76' lang='lat' dir='ltr'><strong>simulaverant,</strong></span> <span class='ocrx_word' id='word_1_180' title='bbox 894 4027 978 4075; x_wconf 91' lang='lat' dir='ltr'><strong>cum</strong></span> <span class='ocrx_word' id='word_1_181' title='bbox 1006 4003 1099 4077; x_wconf 88' lang='lat' dir='ltr'><strong>duoe</strong></span> <span class='ocrx_word' id='word_1_182' title='bbox 1130 4011 1271 4082; x_wconf 72' lang='lat' dir='ltr'><strong>austrie</strong></span> 
     </span>
    </p>
   </div>
   <div class='ocr_carea' id='block_1_7' title="bbox 252 4199 1232 4274">
    <p class='ocr_par' dir='ltr' id='par_1_8' title="bbox 252 4199 1232 4274">
     <span class='ocr_line' id='line_1_30' title="bbox 252 4199 1232 4274; baseline 0.016 -16"><span class='ocrx_word' id='word_1_183' title='bbox 252 4206 280 4258; x_wconf 80' lang='lat' dir='ltr'><strong>t.</strong></span> <span class='ocrx_word' id='word_1_184' title='bbox 304 4206 358 4261; x_wconf 73' lang='lat' dir='ltr'><strong>les</strong></span> <span class='ocrx_word' id='word_1_185' title='bbox 373 4199 449 4260; x_wconf 87' lang='lat' dir='ltr'><strong>deux</strong></span> <span class='ocrx_word' id='word_1_186' title='bbox 466 4214 557 4259; x_wconf 75' lang='lat' dir='ltr'><strong>textas</strong></span> <span class='ocrx_word' id='word_1_187' title='bbox 568 4202 757 4264; x_wconf 86' lang='lat' dir='ltr'><strong>introduisent</strong></span> <span class='ocrx_word' id='word_1_188' title='bbox 766 4206 803 4264; x_wconf 87' lang='lat' dir='ltr'><strong>ici</strong></span> <span class='ocrx_word' id='word_1_189' title='bbox 815 4225 856 4264; x_wconf 91' lang='lat' dir='ltr'><strong>un</strong></span> <span class='ocrx_word' id='word_1_190' title='bbox 869 4224 940 4266; x_wconf 83' lang='lat' dir='ltr'><strong>essee</strong></span> <span class='ocrx_word' id='word_1_191' title='bbox 953 4224 1015 4271; x_wconf 86' lang='lat' dir='ltr'><strong>tout</strong></span> <span class='ocrx_word' id='word_1_192' title='bbox 1027 4215 1045 4270; x_wconf 75' lang='lat' dir='ltr'><strong>i</strong></span> <span class='ocrx_word' id='word_1_193' title='bbox 1059 4213 1110 4272; x_wconf 77' lang='lat' dir='ltr'><strong>fait</strong></span> <span class='ocrx_word' id='word_1_194' title='bbox 1120 4214 1232 4274; x_wconf 85' lang='lat' dir='ltr'><strong>inutile.</strong></span> 
     </span>
    </p>
   </div>
   <div class='ocr_carea' id='block_1_8' title="bbox 0 0 1494 5070">
    <p class='ocr_par' dir='ltr' id='par_1_9' title="bbox 0 0 1494 5070">
     <span class='ocr_line' id='line_1_31' title="bbox 0 0 1494 5070; baseline 0 0"><span class='ocrx_word' id='word_1_195' title='bbox 0 0 1494 5070; x_wconf 95' lang='lat' dir='ltr'><strong> </strong></span> 
     </span>
    </p>
   </div>
  </div>
 </body>
</html>
