2946 5070
597 479 706 538 man
726 479 877 538 snst.
1238 478 1255 533 9

199 640 309 713 quem
326 611 493 704 haberet,
515 634 677 699 necnon,
701 610 928 723 quamplures
948 610 984 680 in
1005 610 1106 680 terris
1130 610 1258 708 princi·

198 733 300 830 pissae
318 728 437 828 palam
458 752 495 798 se
512 726 670 798 haesitare
690 723 845 815 aiebant,
866 725 939 796 imo
955 723 1070 815 multi,
1091 747 1157 794 nec
1174 748 1257 796 eum

199 847 334 920 habere
352 844 578 941 jactitabant,
600 843 682 915 licet
697 843 743 915 de
757 843 829 915 hoc
845 867 910 940 per
931 864 1080 937 regnum
1104 841 1257 913 Francia

200 988 275 1036 non
292 960 543 1059 ambigeretur.
557 963 611 1032 De
623 983 694 1058 qua
704 961 894 1058 sponsione
906 984 968 1032 seu
984 959 1258 1057 desponsatione

199 1079 321 1153 fienda
342 1102 425 1150 cum
441 1077 550 1149 iidem
566 1092 724 1149 oratores
742 1075 954 1174 adeputatis
969 1075 1254 1173 provinciarum,

199 1197 262 1292 qui
288 1192 450 1266 Gandam‘
470 1207 733 1283 convenerant,
756 1216 796 1263 se
820 1192 909 1264 nihil
932 1193 969 1263 in
993 1190 1167 1262 mandatis
1191 1190 1257 1263 ha·

200 1308 286 1381 bere
317 1321 534 1392 assererent,
569 1305 698 1377 inlecta
731 1329 818 1404 pace
852 1305 898 1378 ad
928 1331 1010 1377 suos
1045 1306 1255 1378 Gandavum

200 1424 393 1496 redierunt.

249 1542 361 1610 Porro
375 1537 669 1610 cumrecedentes
678 1561 787 1632 arege
793 1537 971 1609 licentiam
979 1536 1151 1608 redeundi
1164 1558 1257 1610 rece·

200 1654 511 1754 perunt,promisit
523 1679 582 1725 rex
591 1677 674 1724 snos
689 1652 955 1725 oratoresbreri
964 1657 1151 1726 missurum
1162 1658 1257 1727 Gan·

200 1771 332 1850 davum
347 1769 393 1843 ad
407 1769 569 1842 eamdem
583 1792 683 1841 suam
696 1767 838 1841 filiolam
854 1784 890 1841 et
897 1795 972 1862 eos,
983 1772 1043 1868 qni
1055 1772 1100 1843 de
1112 1771 1257 1843 diversis

200 1886 392 1985 provinciis
403 1887 475 1957 suis
499 1886 560 1957 illo
577 1901 838 1977 convenerant,
857 1911 920 1985 per
933 1910 1024 1982 quos
1040 1911 1164 1958 eorum
1180 1889 1256 1959 ani·

200 2029 278 2075 mos
313 2002 359 2075 ad
389 2027 451 2094 ea,
476 2026 566 2098 quae,
586 2016 756 2073 restarent
777 2002 939 2074 ineundae
966 2003 1080 2100 pacis,
1104 2019 1259 2101 speraret

202 2119 399 2210 inflectere,
428 2133 608 2190 ostentans
636 2142 774 2216 semper
794 2118 866 2189 suis
889 2116 1006 2189 verbis
1030 2143 1068 2189 se
1091 2118 1137 2191 ad
1161 2143 1253 2212 eam,
1283 2162 1290 2173 ·

200 2237 318 2334 potius
346 2258 455 2330 quam
486 2234 533 2306 ad
561 2232 696 2306 bellum
716 2234 932 2331 gerendum,
959 2235 1118 2307 animum
1140 2237 1256 2307 inten-

200 2350 295 2423 dere.

552 2619 809 2688 CAPITULUM
846 2621 904 2687 ΙΙΙ.

201 2831 344 2900 Quomodo
355 2845 381 2886 et
391 2830 487 2903 quade
499 2850 585 2897 cansa,
600 2833 709 2885 rerer-ris
720 2832 819 2904 legatis,
827 2833 1062 2887 nolueruntStatus
1072 2831 1254 2886 Flandrirrum

281 2918 383 2972 collecti
395 2917 468 2990 apud
479 2916 638 2972 Gandavum
649 2916 785 2971 intendere
797 2918 833 2972 ad
848 2937 879 2973 ea
891 2937 948 2989 qua
961 2937 1008 2971 rex
1020 2917 1179 2990 postulabat.

248 3152 340 3221 Sane
355 3172 467 3245 quum
484 3149 631 3239 reversi,
650 3173 728 3246 quae
740 3148 836 3246 apud
851 3173 970 3244 regem
995 3149 1147 3245 egissent
1159 3149 1256 3219 inve·

204 3279 399 3362 nerantque
420 3265 635 3356 retulissent,
661 3266 769 3364 coepit
793 3266 944 3364 amplius
968 3265 1062 3360 vulgi
1085 3265 1256 3336 tumultus

203 3380 375 3477 simulque
396 3381 558 3451 omnium
576 3380 703 3473 ferme,
718 3381 779 3476 qui
796 3380 866 3451 illic
884 3379 1034 3452 aderant
1048 3378 1093 3452 de
1111 3380 1256 3455 diversis

203 3496 301 3565 terris
328 3496 562 3593 principissae,
591 3496 739 3567 accendi
767 3511 802 3567 et
823 3497 1055 3586 insolescere,
1076 3497 1256 3594 potissime

203 3635 282 3682 curn
307 3627 540 3706 agnoscerent
564 3610 798 3706 audirentque
822 3611 985 3683 dietenus
1007 3636 1125 3708 regem
1146 3637 1256 3685 novas

204 3749 297 3798 arces
312 3741 348 3798 et
366 3725 500 3824 oppida
518 3750 712 3824 occupare,
726 3741 761 3798 et
778 3727 875 3799 aliud
892 3726 1030 3819 verbis,
1048 3727 1144 3800 aliud
1158 3727 1256 3800 lactis

205 3842 398 3933 ostendere,
407 3834 618 3937 studereque
630 3865 694 3916 sua
707 3843 964 3915 intermissione
976 3843 1116 3916 nobiles
1132 3867 1174 3916 ac
1189 3840 1255 3914 mi·

205 3955 328 4044 litares,
348 3957 631 4056 quibuscumque
647 3974 767 4057 posset
782 3961 846 4030 viis
860 3976 966 4056 atque
982 3960 1110 4052 modis,
1126 3961 1255 4032 illicere

207 4087 239 4141 et
253 4073 283 4143 in
299 4088 416 4169 partes
432 4098 513 4145 suas
524 4074 710 4145 attrahere.
725 4075 886 4147 irritabat
902 4091 1021 4148 autem
1037 4076 1254 4174 permaxime

207 4191 432 4286 omniumque
445 4191 584 4263 animos
596 4189 642 4262 ab
657 4191 815 4265 ineundo
831 4193 1106 4291 copulandoque
1124 4192 1254 4265 foedere
