2946 5070
183 459 241 516 ³¹⁸
605 457 818 528 APOIDOEA,

181 587 327 661 aliunde
347 613 456 684 quam
474 613 496 658 a
513 612 605 684 sape
621 587 725 658 dictis
741 589 873 660 nostris
887 588 1043 664 inimicis
1062 588 1252 663 adinventa

181 721 218 777 et
229 704 347 777 afficta
362 719 439 776 erat
449 705 623 802 regiisque
638 704 788 778 auribus
797 704 984 779 instillata.
1003 707 1182 778 Sciiimus
1194 733 1255 806 per

182 847 379 921 germanos,
390 837 545 911 nostros,
564 822 644 919 qui,
664 838 704 892 ut
720 846 827 920 supra
842 823 1045 912 renilimus,
1062 847 1086 894 a
1100 825 1253 922 propriis

134 981 146 1001 ·
182 939 297 1036 patria
313 953 350 1011 et
366 937 502 1009 laribus
516 937 664 1010 abducti
677 938 953 1011 aoeervabanttu
967 940 1138 1030 Turonis,
1154 942 1253 1038 quod

182 1054 398 1126 inveteratus
422 1055 481 1127 ille
504 1054 685 1126 malorum
704 1053 866 1145 dierum,
885 1055 986 1156 impii
1012 1055 1149 1154 praelati
1170 1057 1254 1152 regii

182 1169 340 1242 satellitis
365 1186 495 1268 parens
520 1170 768 1269 impiissimus,
793 1164 998 1269 frequenter
1020 1169 1070 1243 ad
1087 1171 1255 1245 eumdem

183 1284 299 1357 filium
311 1311 418 1358 suum
431 1286 599 1385 epistolas
615 1285 795 1359 scribebat
809 1311 853 1358 ex
869 1288 1107 1377 Normannia,
1124 1287 1255 1386 quibus

183 1427 268 1473 eum
288 1399 509 1497 coarguebat
526 1401 572 1473 de
596 1403 755 1498 ignavia,
775 1402 939 1499 neglectu
960 1418 1071 1500 atque
1095 1418 1268 1503 torpore„

183 1516 355 1615 quodque
368 1519 488 1589 minus
504 1519 656 1615 vigilans
677 1533 714 1591 et
730 1519 888 1591 intenuts
902 1519 994 1591 foret
1008 1520 1056 1591 ad
1075 1518 1254 1594 concitan

184 1630 269 1702 dam
283 1630 473 1703 adversum
488 1657 557 1704 nos
571 1647 679 1731 atque
695 1631 960 1705 incendendam
980 1634 1076 1730 regis
1092 1634 1253 1731 indigna·

183 1747 334 1841 tionem,
359 1773 438 1846 quae
455 1750 563 1821 unic'a
583 1751 642 1822 via
661 1751 712 1821 eis
730 1759 936 1848 opportrma
957 1749 1051 1821 foret
1066 1751 1116 1822 ad
1132 1770 1254 1849 petre

185 1863 360 1935 niendum
384 1863 432 1938 ad
461 1866 654 1939 ecclesiam
677 1866 998 1964 nostram;·quam
1024 1881 1068 1937 ut
1094 1867 1255 1941 acerbius

184 1995 292 2078 atque
308 1980 556 2053 vehementius
570 1980 834 2071 inflammaret,
844 1979 993 2053 deberet
1003 1981 1037 2053 ei
1050 1987 1255 2057 constanter

185 2121 340 2169 asserere
355 2109 401 2169 'et
425 2098 628 2194 frequenter
653 2099 728 2171 suis
748 2096 930 2170 inculcare
956 2097 1107 2171 auribus
1133 2099 1253 2197 quod,

185 2211 363 2311 quidquid
383 2214 421 2284 in
437 2240 522 2285 eum
543 2215 659 2286 moliti
680 2215 828 2287 fuissent
842 2212 977 2313 prefati
999 2215 1119 2286 Balue
1139 2216 1258 2289 cardi-

186 2330 275 2400 nalis
303 2345 339 2401 et
365 2318 555 2429 episcopus
582 2331 839 2422 virdunensis,
869 2331 978 2403 nobis
1007 2331 1258 2405 inventoribus

185 2450 293 2542 atque
309 2446 518 2519 auctoribus
536 2461 731 2534 emanarat.
749 2448 980 2540 Plures-enim
995 2448 1087 2520 tales
1103 2448 1198 2528 illius
1212 2438 1256 2522 ad

185 2586 291 2632 suum
309 2560 423 2633 filium
438 2560 651 2660 nequissimi
674 2563 784 2661 patris
807 2561 944 2662 praelati
967 2562 1081 2645 nostri
1100 2566 1257 2660 germani

186 2678 354 2749 videmnt
369 2692 405 2750 et
420 2679 581 2777 legenmt
595 2679 780 2779 epistolas,
799 2703 889 2790 quas
904 2677 952 2788 ad
969 2704 1033 2751 eos
1051 2700 1148 2752 unus
1165 2683 1257 2778 ejus.-

186 2793 270 2867 dem
286 2796 387 2895 impii
407 2795 564 2869 satellitis
585 2794 736 2871 servitor
751 2795 861 2887 clam,
887 2797 1055 2891 quotiens
1070 2799 1255 2895 potuisset,

186 2911 426 3011 inspiciendas
442 2912 636 2987 deferebat.
723 2957 726 2961 -
1091 2911 1097 2920 ’
1205 2924 1211 2935 ’

234 3029 378 3102 Talibus
393 3014 599 3121 calumniis,
625 3031 754 3103 talibus
775 3031 868 3104 dolis
892 3030 1090 3128 affictisque
1106 3056 1175 3130 pro
1191 3032 1257 3103 im·

187 3147 331 3245 piorum
352 3128 544 3218 bominum
569 3148 821 3222 nefandissima
843 3147 1027 3220 volur’rtate
1049 3148 1258 3221 criminibus

187 3264 304 3359 regius
319 3262 358 3351 in
377 3287 445 3333 nos
461 3262 560 3335 furor
576 3257 836 3357 concitabatur,
855 3265 1089 3360 absentesque
1105 3279 1142 3335 et
1155 3290 1258 3364 pror-

188 3403 247 3451 sus
262 3375 511 3474 hujuscemodi
532 3365 760 3453 molitionum
776 3382 890 3478 ignari
912 3377 1145 3478 atque'inscli
1161 3380 1256 3453 dele·

188 3494 356 3570 rebamur
372 3496 410 3567 in
421 3491 552 3568 sontes.
569 3501 662 3569 Nam
674 3496 773 3595 quod
789 3497 835 3569 ad
848 3497 1040 3570 diluendas
1053 3497 1144 3570 tales
1159 3521 1257 3569 men·

189 3610 392 3684 dosis'simas
418 3601 684 3693 criminationes
711 3614 817 3686 nobis
841 3613 1113 3687 elaborandum
1129 3616 1175 3688 sit
1202 3615 1256 3688 v'el

189 3729 310 3820 fuerit,
329 3724 392 3799 seu
417 3728 514 3827 apud
529 3729 715 3834 praelatum
737 3730 1012 3802 illustrissimum
1030 3729 1254 3827 Burgundio·

189 3871 277 3916 num
293 3842 436 3936 ducem,
453 3869 516 3917 seu
531 3845 628 3944 apud
641 3845 747 3918 bonae
764 3834 1092 3919 memotiae‘ducem
1111 3850 1256 3945 Aquita-

189 3962 254 4031 niae
282 3977 342 4033 aut
368 3962 478 4032 alium
509 3961 733 4060 quempiam,
767 3964 913 4034 minime
938 3960 1031 4062 opirs
1063 3963 1169 4037 luisse
1195 3979 1255 4037 aut

187 4079 350 4151 exsistere
362 4094 497 4151 norunt
510 4094 545 4165 et
560 4078 759 4156 firmissime
770 4080 922 4153 credunt
933 4082 1139 4164 omnesviri
1151 4080 1252 4170 boni,

188 4195 250 4289 qui
262 4193 425 4277 danobis
440 4188 685 4294 praeteritaque
698 4197 772 4270 vita
782 4211 890 4295 atque
900 4198 1123 4272 institutione
1136 4213 1257 4272 nostra
