2946 5070
453 530 457 537 ,
582 494 691 550 truta
711 493 862 550 sextus.
1201 494 1258 548 tat

199 646 271 720 que
299 622 445 694 sinistris
474 623 630 693 consiliis
650 623 964 709 circumventus,a
990 634 1083 692 recte
1110 636 1145 692 et
1169 623 1260 717 juste

199 739 384 838 desponsis
399 739 537 828 resiliit,
567 739 799 837 prorupitque
822 739 860 809 in
877 737 1010 811 frivolae
1025 737 1211 834 cujusdam
1226 756 1261 812 et

198 859 394 928 temerariae
413 856 660 955 appellationis
686 876 825 927 vocem.
848 858 936 943 Quae
958 855 1117 955 profecto
1134 858 1261 956 merito

199 969 388 1044 subsistere
400 973 480 1069 jure
494 996 569 1043 non
586 985 736 1070 poterat,
754 985 831 1042 tum
846 970 945 1068 quod
955 986 1113 1045 excerta
1125 988 1263 1045 senten·

199 1089 248 1160 tia
267 1089 397 1160 summi
418 1087 596 1185 pontificis
611 1088 800 1187 appellatio
816 1086 1059 1178 inhibebatur,
1076 1103 1152 1160 tum
1163 1091 1261 1187 quod

200 1206 353 1277 monitio
377 1229 451 1277 non
477 1220 553 1277 erat
577 1205 644 1277 nisi
670 1204 714 1277 de
739 1204 895 1302 hisquae
925 1205 1053 1278 divinis
1081 1209 1263 1306 praeceptis

199 1336 237 1393 et
256 1323 363 1395 sacris
383 1346 565 1394 canonum
586 1319 829 1393 sanctionibus
851 1320 928 1394 fieri
945 1322 1128 1419 jubentur.
1150 1327 1262 1396 Noto-

199 1439 294 1510 rium
311 1440 456 1537 insuper
475 1454 550 1512 erat
574 1440 709 1510 crimen
734 1439 912 1512 evidentia
934 1440 1027 1530 lacti,
1047 1440 1145 1537 quod
1165 1441 1262 1514 nulla

198 1568 340 1653 poterat
361 1554 646 1649 tergiversatione
670 1553 777 1625 celari
805 1554 859 1624 vel
889 1552 1086 1642 obfuscari,
1121 1554 1166 1628 de
1189 1550 1262 1654 quo

198 1669 362 1759 crimine,
378 1684 417 1741 ut
436 1694 473 1741 se
489 1669 647 1767 ejusdem
662 1683 857 1766 patratores
875 1670 1118 1761 emendarent,
1138 1670 1262 1744 admo-

200 1782 472 1857 nebantur.l1ae
493 1798 613 1856 autem
630 1808 744 1857 causae
767 1797 801 1855 et
822 1807 946 1855 earum
973 1785 1117 1882 singulae
1136 1786 1261 1858 validae

199 1914 283 1972 sunt
296 1914 332 1972 et
345 1898 505 1972 efficaces
516 1899 563 1972 ad
573 1899 807 1997 rejiciendum
818 1914 853 1971 et
864 1898 1123 1973 exsufflandum
1137 1925 1263 1975 omnes

199 2015 348 2114 hujusce
363 2015 505 2089 frivolas
519 2015 784 2115 appellationes.

249 2134 351 2230 Atqui
372 2133 605 2206 nibilominus
628 2133 694 2232 ipsi
717 2131 900 2204 seditionis
928 2145 1101 2222 auctores,
1126 2133 1177 2204 eis
1207 2135 1261 2205 in·

201 2251 301 2339 nexi,
320 2265 356 2322 et
372 2250 778 2322 excommunicationem
795 2262 831 2319 et
853 2248 1044 2321 anathema
1061 2248 1152 2321 sedis
1178 2274 1263 2348 apo-

199 2365 344 2456 stolicae,
357 2366 584 2438 interdictum
593 2389 736 2462 quoque
746 2362 967 2463 publicatum
976 2379 1258 2458 contemnentes,

200 2505 239 2553 se
267 2496 437 2580 praetextu
474 2482 552 2554 talis
581 2481 828 2580 appellationis
858 2480 1022 2554 defensos
1047 2479 1262 2555 sufficienter

196 2595 419 2692 jactitabant.
438 2598 547 2685 Quod
563 2612 598 2668 et
615 2596 797 2686 nonnulli,
819 2595 887 2668 sibi
913 2595 1177 2694 evangelizandi
1186 2597 1262 2670 offi-

201 2711 297 2783 cium
317 2727 545 2811 usurpantes,
565 2715 640 2785 ausi
665 2713 805 2785 suntin
834 2711 1020 2801 cathedra,
1052 2736 1161 2810 quarn
1186 2737 1261 2784 non

202 2826 343 2900 deceret
363 2828 430 2899 nisi
447 2829 656 2924 evangelica
673 2828 828 2901 veritatis
849 2827 1012 2899 nuntiam
1031 2852 1124 2917 esse,
1143 2828 1261 2926 impu·

202 2944 328 3019 deuter
341 2944 486 3018 auribus
496 2947 666 3019 adstantis
676 2944 800 3044 populi
812 2945 984 3040 ingerere.
997 2943 1067 3030 Qui
1084 2944 1204 3033 etiam,
1224 2959 1263 3014 ut

202 3061 337 3132 eisdem
351 3062 502 3162 amplius
514 3061 602 3133 fides
613 3060 819 3148 haberetur,
841 3058 999 3131 officium
1024 3046 1262 3156 inquisitionis

202 3175 375 3251 haereticae
408 3179 588 3277 pravitatis
619 3203 656 3250 se
683 3176 867 3276 jactabant
896 3175 1041 3250 habere.
1079 3177 1150 3249 Sed
1177 3203 1261 3250 cum

202 3293 317 3366 clerus
332 3293 543 3368 venerabilis
564 3294 714 3394 civitatis
729 3294 774 3365 de
789 3293 1036 3390 hujuscemodi
1060 3293 1263 3391 apostolicis

203 3410 475 3502 monitionibus,
515 3412 671 3484 censuris
707 3426 743 3484 et
775 3410 981 3500 interdictis,
1018 3410 1126 3509 ipsius
1155 3412 1261 3484 etiam

203 3527 432 3622 Enghelberti
464 3529 674 3618 assertione,
705 3551 892 3625 perquem
917 3525 1127 3598 eorumdem
1143 3527 1263 3625 copias

203 3658 439 3741 acceperant,
475 3642 688 3716 sufficienter
719 3643 896 3715 certiorati
927 3657 1063 3735 essent,
1097 3642 1262 3714 decreve-

203 3772 307 3845 nmt,
327 3758 378 3829 uti
395 3781 461 3855 par
476 3773 563 3847 erat,
581 3758 783 3856 apostolicis
796 3756 973 3829 mandatis
988 3781 1031 3830 ac
1042 3760 1199 3830 censuris
1212 3784 1265 3830 re·

202 3888 366 3945 verenter
381 3889 487 3970 atque
503 3873 712 3946 obedienter
729 3897 865 3971 parere.

252 3992 345 4061 Sane
361 4010 444 4061 cum
460 3989 498 4061 id
519 4004 679 4086 regentes
695 3989 844 4060 civitatis
859 4003 895 4059 et
918 3986 1123 4061 rebellionis
1141 4005 1263 4063 aucto·

204 4129 260 4177 res
291 4106 542 4178 intellexissent
573 4104 671 4203 quod
698 4104 812 4175 clems
828 4103 1056 4175 interdictum
1074 4101 1263 4177 observare

204 4223 398 4311 statuisset,
426 4223 553 4318 etjam
573 4221 739 4293 adivinis
763 4221 799 4291 in
823 4219 943 4314 vigilia
969 4218 1065 4290 beati
1086 4221 1262 4294 Laurentii
