2946 5070
448 544 560 601 unna
589 543 792 602 SECUNDUS.
1097 547 1155 603 355

88 674 152 747 sed
166 676 293 748 veritas
307 690 434 749 contra
451 678 489 748 in
507 679 602 749 Luca
616 675 732 773 inquit
751 701 760 745 :
783 703 802 744 a
822 673 931 764 Quod
947 675 1157 751 hominibus

87 791 200 863 altum
215 806 284 886 est,
304 791 526 866 abominatio
544 807 597 866 est
614 807 697 866 ante
713 796 850 884 Deum3
871 822 891 864 a
914 807 950 867 et
968 795 1153 893 sapientis·

88 907 200 979 simus
219 911 374 1004 Seneca,
393 938 412 979 a
429 911 593 1006 Magna»
610 907 727 1005 inquit
746 938 763 975 α
783 909 932 981 servitus
951 923 1005 980 est
1025 930 1155 1008 magna

88 1021 243 1097 fortuna.
262 1053 281 1095 a
299 1027 386 1114 Quae
405 1024 552 1124 quidem
573 1024 722 1096 servitus
746 1047 821 1096 non
842 1022 1053 1117 abnuenda,
1071 1050 1155 1097 cum

88 1141 153 1212 rite
169 1141 379 1242 imponitur,
398 1165 466 1215 nec
482 1141 682 1240 abjicienda
696 1155 749 1214 est
762 1141 817 1213 vel
836 1139 1016 1239 bagienda,
1029 1141 1092 1215 ubi
1108 1142 1155 1216 ad

87 1258 334 1354 proximorum
355 1258 542 1331 utilitatem
566 1271 714 1359 propter
730 1261 848 1329 Deum
864 1257 1013 1357 perferri
1039 1272 1075 1331 et
1094 1283 1155 1333 ex·

86 1373 197 1470 pendi
212 1388 345 1472 potest,
366 1373 428 1445 sed
450 1388 545 1446 certe
561 1373 716 1447 libenter
728 1371 916 1448 subeunda
929 1388 965 1446 et
978 1389 1156 1470 gratanter

87 1501 194 1586 atque
208 1488 418 1564 obedienter
431 1491 639 1564 sustinenda
654 1515 699 1563 ex
715 1488 838 1565 debito
858 1492 1023 1564 caritatis.

136 1606 207 1678 Sed
221 1622 297 1679 esto
313 1606 413 1705 quod
425 1607 491 1680 rite
505 1607 585 1704 quis
600 1606 648 1680 ad
666 1607 809 1679 culmen
826 1605 1082 1704 cujuscumque
1095 1606 1158 1681 di-

87 1721 228 1816 gnitatis
244 1749 308 1797 seu
324 1723 641 1797 administrationis
653 1724 861 1824 temporalis
874 1723 1106 1823 provehatur,
1122 1738 1157 1797 et

87 1861 168 1911 eam
180 1855 343 1921 exerceat
357 1853 464 1937 atque
480 1837 703 1912 administret
715 1853 756 1912 ut
771 1839 887 1930 decet,
902 1839 1003 1936 quid,
1021 1865 1154 1938 queso,

87 1954 125 2025 in
145 1953 363 2028 culminibus
383 1969 418 2027 et
437 1954 583 2052 fastigiis
603 1953 811 2052 hujusmodi
827 1955 1079 2053 temporalium
1092 1954 1157 2027 ad-

88 2071 390 2145 ministrationum
408 2086 515 2170 atque
530 2071 713 2144 honorum
727 2087 764 2144 et
778 2071 992 2169 dignitatum
1006 2071 1153 2165 exsistit,

87 2204 215 2288 praeter
223 2189 289 2261 Dei
299 2203 334 2262 et
347 2190 501 2289 proximi
512 2201 660 2289 propter
670 2189 737 2260 Dei
751 2182 986 2262 famulatum?
1000 2192 1044 2259 Et
1055 2187 1156 2285 quod

87 2306 241 2404 proinde
258 2331 334 2377 non
350 2306 388 2378 in
403 2305 473 2380 hac
489 2305 693 2380 transitoria
710 2305 801 2401 vita,
820 2305 883 2378 sed
899 2305 937 2409 in
961 2304 1079 2377 futura
1096 2303 1158 2379 ha·

87 2418 250 2493 bendum
277 2421 463 2522 praemium
492 2434 726 2520 exspectatur,
756 2419 845 2517 quid
874 2419 1044 2519 sapientis
1073 2420 1156 2492 ani-

88 2559 189 2609 mum
207 2562 425 2636 magnopere
445 2537 659 2630 demulceat,
674 2535 730 2609 rel
746 2536 923 2610 ullatenus
940 2534 1079 2612 felicem
1096 2550 1158 2611 aut

88 2649 235 2726 beatum
254 2653 404 2743 efficiat,
420 2638 582 2752 profecto
596 2677 676 2724 non
694 2651 795 2726 facile
809 2650 963 2749 perspici
982 2664 1044 2723 aut
1060 2652 1157 2725 inre·

89 2769 157 2841 nin'
178 2783 306 2868 potest.
327 2769 461 2868 Saepius
473 2770 571 2841 enim
581 2767 729 2841 eosdem
741 2767 900 2840 honores
913 2791 955 2841 ac
969 2767 1157 2867 dignitates

88 2884 221 2982 iniquis
238 2899 273 2957 et
292 2883 541 2982 insipientibus
558 2906 667 2982 quam
685 2881 792 2956 bonis
813 2897 920 2979 atque
938 2883 1157 2982 sapientibus

89 3001 279 3101 provenire
304 3014 340 3073 et
366 2999 414 3075 ad
435 3024 499 3072 eos
515 2999 645 3072 deferri
662 2997 838 3073 videmus.
865 2999 975 3087 Quod
994 3000 1059 3072 etsi
1079 3027 1159 3100 per·

88 3118 234 3189 versitas
250 3116 380 3207 saeculi,
399 3129 440 3187 ut
455 3114 635 3212 eleganter
648 3113 775 3188 beatus
791 3115 907 3213 inquit
923 3117 1155 3214 Augustinus,
1190 3196 1197 3221 ,
1258 3110 1276 3217 ,¹
1309 3152 1367 3211 ἃ,

88 3230 114 3303 l.
134 3237 179 3322 V,
199 3236 253 3306 De
270 3232 410 3305 civitate
432 3231 517 3319 Dei,
542 3256 575 3302 c.
602 3256 693 3322 xvn,
719 3231 921 3311 admitteret
941 3247 981 3305 ut
1001 3232 1158 3310 honora·
1197 3232 1218 3297 ’.
1280 3242 1294 3263 “·
1327 3206 1381 3313 Ὗ·
1405 3304 1412 3313 ,

88 3350 199 3423 tiores
213 3365 329 3423 essent
345 3350 479 3447 quique
496 3349 674 3442 meliores,
694 3373 762 3423 nec
782 3349 833 3420 sic
856 3373 923 3448 pro
939 3374 1072 3448 magno
1087 3351 1153 3425 ha·

88 3464 168 3539 beri
194 3465 319 3541 debuit
337 3466 459 3539 honor
480 3452 678 3558 humanus,
703 3467 788 3563 quia
813 3490 898 3539 vera
924 3467 1155 3542 aestimatione

89 3584 221 3658 nullius
238 3596 291 3657 est
305 3583 476 3683 ponderis
494 3584 626 3659 minus.
644 3584 741 3672 Quin
759 3583 834 3656 imo
851 3583 985 3659 eisdem
1006 3584 1155 3659 honori·

88 3699 170 3793 bus,
187 3701 295 3774 etiam
311 3725 396 3774 cum
412 3715 508 3773 recte
524 3713 561 3772 et
577 3725 619 3773 ex
635 3698 738 3773 bono
757 3712 794 3772 et
808 3725 911 3798 aequo
928 3699 1156 3801 possidentur

89 3832 196 3915 atque
222 3817 525 3908 administrantur,
555 3831 610 3891 tot
634 3843 728 3892 curae
751 3831 859 3915 atque
883 3817 1074 3913 molestie,
1098 3790 1165 3923 1οῇ

90 3949 206 4009 metus
223 3949 259 4007 et
271 3934 442 4035 pericula,
465 3947 519 4006 tot
530 3933 672 4007 labores
687 3947 723 4006 et
736 3934 991 4008 sollicitudines
1002 3926 1169 4008 connecss'·
1192 4010 1208 4023 ,

90 4065 215 4125 tuntur
232 4065 269 4124 et
287 4051 484 4143 cohaerent,
509 4063 550 4121 ut
564 4075 606 4122 ex
623 4074 665 4122 ea
686 4066 786 4149 parte
807 4076 882 4122 non
903 4049 1014 4123 modo
1035 4076 1157 4149 quem·

91 4191 201 4265 quam
217 4168 355 4241 felicem
372 4182 436 4241 aut
452 4164 613 4243 beatum.
632 4165 695 4239 sed
716 4167 836 4267 potius
855 4166 1033 4239 infelicem
1049 4182 1156 4266 atque

90 4285 261 4359 miserum
281 4283 422 4358 efficere
441 4296 478 4359 et
497 4281 648 4358 reddere
668 4283 795 4383 procul
819 4280 932 4355 dubio
949 4281 1150 4358 videantur.
