2946 5070
594 473 704 532 LIBER
724 475 878 532 SEXTUS.
1226 479 1263 534 ’ὦ

200 626 340 677 annum
355 602 554 697 duraturae,
571 605 697 704 populi
710 603 881 677 Flandriae
905 620 940 677 et
967 607 1183 705 Harmonia,
1212 608 1263 676 vi-

200 718 357 793 ciniores
373 724 557 812 Tornaco,
573 734 712 817 treugas
730 743 868 792 servare
882 720 968 818 ipsis
983 715 1264 794 Tomacensibus

202 835 439 908 recusabant:
466 835 633 927 eosdem,
669 825 698 908 si
726 834 773 908 ad
797 836 953 934 oppida,
982 837 1176 909 necessaria
1202 861 1264 907 co-

201 950 347 1023 emendi
373 952 507 1047 gratia,
527 949 772 1045 divertebant,
791 953 847 1025 vel
866 952 1054 1046 caedendo,
1078 953 1135 1026 vel
1155 950 1263 1026 rebus

200 1068 275 1141 suis
291 1066 480 1169 spoliando
497 1082 604 1165 atque
620 1068 725 1141 variis
740 1068 878 1165 injuriis
895 1068 1096 1141 afficiendo.
1172 1056 1176 1062 Δ

253 1188 322 1256 Pro
340 1184 493 1280 quibus,
513 1208 596 1256 cum
618 1184 714 1282 apud
738 1209 856 1280 regem
873 1186 986 1282 questi
1007 1185 1156 1281 graviter
1179 1184 1264 1256 suis·

201 1315 299 1393 seut,
321 1300 393 1373 hoc
416 1301 534 1372 solum
558 1300 705 1373 remedii
728 1303 898 1400 consequi
922 1291 1116 1401 potuemnt
1139 1300 1261 1398 quod,

201 1442 287 1488 cum
309 1418 381 1489 suis
403 1416 585 1510 hostibus,
614 1441 686 1513 qua
715 1418 862 1491 meliore
883 1434 919 1491 et
945 1415 1190 1490 commodiore
1208 1419 1265 1489 via

201 1545 360 1629 possent,
379 1533 653 1630 paciscerentur.
673 1533 780 1620 Quod
798 1549 834 1607 et
851 1534 1022 1627 lecerunt,
1043 1533 1192 1632 polliciti
1213 1534 1266 1604 in·

199 1662 308 1721 antea
325 1672 362 1719 se
376 1673 450 1719 non
469 1663 674 1748 recepturos
691 1648 853 1747 praesidia
871 1649 1024 1721 militum
1048 1651 1137 1745 regis
1161 1649 1198 1721 in
1219 1651 1265 1722 ci·

200 1764 310 1836 vitate
335 1788 398 1836 sua
415 1768 438 1857 ¹,
471 1765 500 1837 si
528 1780 610 1863 post
633 1758 777 1860 treugas*
799 1764 846 1836 ad
873 1766 1029 1839 recidiva
1053 1766 1146 1838 bella
1175 1766 1264 1838 foret

200 1878 488 1973 deveniendum
508 1879 569 1952 sed
586 1905 647 1973 se,
667 1895 839 1978 tanquam
857 1883 1057 1975 neutrales,
1076 1882 1215 1979 quietos
1230 1896 1265 1953 et

199 1992 355 2089 liberos,
386 2019 595 2093 permanere
630 2010 665 2067 et
698 1991 893 2068 continere'
911 1996 1059 2090 debere,
1093 1997 1264 2094 permissa

199 2107 313 2183 libera
327 2109 491 2184 facultate
510 2137 573 2210 per
589 2127 699 2183 terras
720 2111 840 2204 ducis,
862 2137 961 2210 aeque
977 2127 1017 2184 ut
1038 2137 1103 2211 per
1123 2112 1261 2208 regias,

199 2250 284 2298 cum
302 2227 452 2321 vellent,
472 2227 691 2320 transeundi,
715 2228 801 2299 etin
819 2228 953 2300 eisdem
970 2252 1034 2299 sua
1049 2230 1265 2302 commercia

198 2356 236 2413 et
259 2343 516 2439 negotiationes
532 2343 643 2415 libere
659 2343 860 2415 exercendi.
888 2349 932 2414 Et
954 2342 999 2415 de
1016 2342 1264 2440 hujuscemodi

200 2457 438 2553 promissione
463 2458 595 2530 litteras
616 2482 696 2529 suas
715 2458 850 2530 validas
873 2458 957 2529 duci
973 2459 1115 2531 Austriae
1138 2475 1173 2530 et
1194 2461 1265 2530 suis

200 2562 427 2645 tradiderunt
440 2577 462 2665 ⁸,
490 2573 638 2647 obtento
666 2575 823 2672 primum
851 2598 957 2673 super
985 2574 1057 2646 hoc
1088 2600 1265 2648 consensu

200 2692 324 2789 regis⁸.
346 2695 389 2762 Et
404 2691 475 2763 hoc
498 2690 610 2761 modo
634 2704 763 2786 treugae
788 2689 965 2764 beneficio
984 2689 1132 2763 demum
1157 2694 1265 2790 potiri

201 2822 421 2881 meruerunt.
623 2822 628 2829 '

250 2929 408 2997 Fuemnt
438 2937 557 2996 autem
576 2922 823 3019 hujuscemodi
846 2937 976 3019 treugae
1000 2923 1102 2994 initio
1125 2937 1264 2996 utcum-

202 3063 274 3137 que
291 3053 435 3112 servatae
450 3038 557 3135 (licet
572 3037 762 3133 Flamingis
779 3038 982 3134 caeterisque
998 3035 1148 3111 subditis
1164 3036 1265 3112 ducis

202 3273 243 3334 dn
256 3278 291 3333 tr
309 3274 401 3348 juillet
417 3277 506 3350 ¹478,
524 3298 539 3328 ι
555 3273 668 3333 donnee
681 3294 719 3333 au
732 3294 816 3354 camp
830 3276 872 3335 lez
884 3277 912 3334 le
925 3277 1013 3336 rieux
1027 3277 1151 3352 vendin,
1169 3304 1182 3330 n
1197 3279 1265 3338 etait

201 3368 231 3426 le
259 3368 504 3427 reneuvellement
528 3366 614 3426 d’une
637 3369 778 3446 premiere
799 3371 920 3428 conclue
942 3373 959 3427 a
978 3375 1053 3429 Lens
1081 3372 1108 3431 le
1135 3377 1172 3432 18
1199 3393 1263 3451 sep

203 3459 317 3520 tembre
330 3465 419 3521 ll'l'l.
434 3462 531 3525 L'acte
544 3460 580 3519 de
594 3461 670 3521 l’une
684 3475 713 3519 et
727 3462 763 3520 de
776 3463 877 3522 l’autre
890 3483 921 3521 se
934 3477 1036 3523 trouve
1050 3465 1121 3525 dans
1135 3466 1162 3525 le
1173 3470 1264 3544 Corps

203 3554 418 3634 Diplomatique
430 3553 466 3612 de
480 3558 624 3627 Dumont,
642 3568 663 3615 t.
679 3559 721 3614 111
738 3559 784 3628 (2⁰
798 3558 915 3635 partie),
931 3577 962 3635 p.
978 3561 1017 3617 10
1031 3571 1060 3616 et
1072 3561 1122 3618 26.

244 3652 275 3707 t.
300 3671 315 3701 ι
329 3655 382 3707 Par
398 3648 436 3707 tel
460 3649 499 3720 si,
518 3668 575 3727 que
591 3648 693 3722 jamais
713 3669 750 3707 ne
772 3649 942 3710 debvroient
961 3653 1111 3730 recepvoir
1129 3653 1263 3732 garnison

206 3761 279 3819 pour
292 3742 333 3801 les
344 3741 492 3819 Franqoi5‚
506 3763 535 3799 sc
547 3747 574 3799 le
586 3764 637 3818 roy
648 3743 696 3818 η’]
707 3745 789 3803 estoit
800 3765 834 3801 en
843 3764 994 3820 personne.
1006 3770 1021 3799 s
1036 3745 1166 3816 Molinet‚
1181 3758 1202 3805 t.
1219 3748 1262 3819 11,

206 3833 252 3894 ch.
267 3854 315 3893 ax.
708 3829 718 3839 ⁸

245 3932 275 3990 2.
301 3934 372 3990 Vers
386 3931 413 3988 la
426 3930 625 3990 saint-Martin
639 3930 675 3989 de
688 3931 744 3989 l’an
759 3934 848 4001 11278,
864 3932 943 3991 selon
956 3933 1084 3993 Molinet.

246 4027 274 4081 3.
296 4023 514 4083 lnexnctimde.‘
526 4029 567 4083 Le
579 4025 622 4082 roi
635 4024 732 4082 donna
747 4023 884 4083 abolition
902 4028 987 4104 apres
1000 4026 1028 4084 le
1045 4026 1096 4085 fait
1110 4027 1260 4103 accompli.

208 4116 319 4189 L’acte,
339 4137 374 4176 en
396 4117 462 4176 date
478 4118 518 4177 du
535 4120 573 4177 ‘29
592 4118 706 4192 janvier
725 4120 818 4186 itta,
842 4132 885 4176 est
906 4119 977 4179 dans
998 4121 1026 4177 le
1044 4119 1205 4180 commines
1226 4119 1263 4182 de

209 4212 512 4291 &ugia-Dubesnop
528 4226 549 4272 t.
564 4216 621 4285 111,
635 4233 666 4291 p.
683 4214 752 4271 557.
