2946 5070
590 509 702 566 Llllllll
730 509 881 569 numus.
1211 514 1270 572 243

207 642 271 738 sis,
298 642 518 734 Ludovicus,
539 666 600 713 rex
616 642 829 735 modernus,
857 644 957 740 quia
981 644 1152 716 comitatu
1175 646 1272 718 elon·

206 778 307 861 gatus
337 761 463 861 patris,
494 761 531 831 in
556 775 630 833 tota
660 761 719 833 illa
746 761 838 833 felici
865 759 1091 859 expeditione
1124 786 1196 858 qua
1225 762 1272 836 ab

207 880 401 976 Anglorum
417 879 605 952 dominatu
631 895 794 978 exempta
811 881 940 955 exstitit
954 882 1185 975 Nonnannia,
1204 883 1272 954 mi·

205 997 302 1068 nime
336 994 457 1067 adesse
488 995 636 1068 curavit.
673 999 705 1067 ls
739 1020 825 1092 ergo
858 1018 940 1067 cunr
972 995 1009 1065 in
1039 996 1137 1068 dicto
1166 1020 1275 1093 agens

205 1110 402 1202 Dellinatu,
429 1110 718 1209 procurationem
741 1134 850 1208 quarn
874 1109 1037 1207 gerebat,
1056 1111 1227 1203 libenter,
1244 1114 1274 1184 si

206 1227 277 1300 sibi
295 1225 451 1299 allisisset
476 1226 641 1317 landtas,
667 1226 809 1324 longius
828 1228 1003 1325 latiusque
1026 1243 1272 1327 propagasset,

203 1344 416 1441 excogitavit
439 1344 625 1443 quomodo
653 1345 793 1442 aliquos
814 1343 882 1417 sibi
905 1345 1113 1417 conciliaret
1134 1347 1274 1418 animos

203 1461 241 1534 in
261 1446 499 1555 Normannia,
516 1452 700 1561 potissime
716 1454 873 1559 quorum
893 1486 1004 1561 opera
1022 1477 1129 1559 atque
1143 1462 1275 1537 auxilio

203 1577 250 1651 ad
284 1580 443 1676 regimen
475 1580 511 1651 et
546 1578 893 1652 administrationem
926 1578 1278 1678 provincia'posset

200 1696 410 1795 pervenire3
439 1694 644 1769 existimans
666 1695 763 1796 apud
790 1720 846 1788 se,
865 1695 895 1767 si
920 1696 1117 1769 nonnullos
1144 1696 1190 1768 de
1205 1696 1277 1795 pn'-

202 1812 377 1886 mioribus
401 1814 525 1913 ‘patriae
548 1811 616 1884 sibi
642 1813 832 1885 conciliare
850 1826 994 1912 posset,
1020 1811 1123 1885 facile
1147 1837 1274 1887 eorum

200 1929 405 2003 interventu
434 1925 668 2002 obtenturum
694 1929 732 2000 in
757 1944 938 2001 conventu
971 1930 1156 2001 communi
1193 1931 1274 2003 Sta·
1374 1934 1378 1941 ’

200 2050 304 2118 tuum
324 2045 465 2144 patriae,
484 2045 584 2143 quod
606 2044 716 2117 semel
740 2046 934 2143 quotannis
961 2044 1133 2118 celebrari
1161 2047 1270 2142 solet,

201 2176 242 2235 ut
256 2163 385 2260 legatio
412 2187 479 2265 pro
507 2182 550 2234 eo
576 2160 622 2235 ad
643 2182 785 2258 regern,
807 2170 947 2261 patrem
973 2184 1098 2255 suum,
1127 2163 1274 2234 nomine

200 2279 310 2350 totins
333 2278 527 2378 provinciae
552 2277 801 2367 destinaretur,
820 2277 1119 2377 supplicationem
1138 2277 1274 2353 lactura

201 2395 274 2493 regi
299 2402 488 2494 qautenus,
516 2418 584 2495 pro
609 2379 761 2469 tuitione
789 2409 824 2465 et
850 2392 1057 2467 defensione
1080 2397 1273 2495 provinciae

200 2518 327 2586 uotiua
345 2511 498 2613 impetus
523 2511 736 2608 bnglorum,
766 2510 829 2608 qui
846 2512 879 2585 ei
897 2512 1048 2609 graviter
1070 2528 1155 2585 tunc
1173 2528 1271 2588 cotn-

200 2627 444 2722 minabantur,
463 2630 580 2728 ipsum
597 2627 788 2720 delfinum,
807 2628 883 2725 ejus
899 2629 1192 2728 primogenitum,
1211 2655 1272 2728 gu·

198 2746 427 2821 bematorem
459 2742 657 2818 concedere
682 2743 817 2817 vellet:
843 2770 887 2817 eo
913 2745 1011 2837 enim
1028 2745 1186 2817 futurum
1211 2761 1269 2843 ut,

200 2878 300 2938 metu
324 2862 544 2964 ejushostes
571 2860 747 2953 deterriti,
786 2850 860 2933 non
892 2859 993 2933 facile
1024 2861 1266 2959 provinciam,

200 2980 374 3081 quamdiu
386 2978 423 3053 in
440 2981 517 3082 ipsa
531 2976 669 3071 alloret,
681 2975 876 3049 invadendi
891 3001 1017 3050 ausum
1034 2993 1266 3052 assumerent.

250 3102 329 3171 Hoc
345 3099 465 3198 itaque
480 3096 665 3199 proposito
686 3109 722 3166 et
747 3092 793 3166 ad
819 3119 903 3166 eum
925 3094 1034 3165 finem
1061 3093 1155 3165 misit
1179 3121 1271 3195 nun·⁴

200 3216 270 3288 tios
290 3216 336 3289 de
361 3214 472 3289 domo
489 3239 553 3287 sua
581 3215 618 3286 in
645 3212 904 3286 Nonnanniam
933 3238 1027 3284 cum·
1040 3212 1196 3312 epistolis
1222 3215 1268 3288 ad

200 3333 333 3405 multos
351 3333 396 3404 de
413 3330 614 3433 potioribus
635 3329 846 3430 provinciae,
865 3354 948 3399 cum
967 3329 1072 3401 certis
1089 3328 1196 3402 eliam
1212 3331 1268 3402 in·

200 3446 479 3541 structionlbus,
492 3447 642 3520 modurn
657 3441 937 3544 exprimentibus
962 3467 1036 3540 quo
1057 3468 1094 3516 se
1121 3447 1196 3517 voti
1210 3449 1267 3520 sui

201 3590 328 3640 eorum
364 3562 530 3664 suffragio
559 3577 764 3664 compotem
792 3587 895 3662 posse
919 3558 996 3633 fieri
1027 3560 1263 3639 existimabat.

200 3685 297 3756 luter
311 3699 456 3757 caeteros
469 3662 555 3755 vero
569 3682 663 3782 misit
681 3680 727 3753 ad
743 3702 809 3752 nos
828 3673 1022 3777 quemdam
1039 3676 1199 3754 nobilem
1217 3682 1268 3754 vi·

201 3826 295 3893 rurn,
326 3798 516 3901 dominum
546 3796 592 3873 de
619 3793 784 3870 Condeto
808 3794 847 3869 ln
878 3784 1021 3870 dioecesi
1047 3796 1263 3892 Baiocensi¹,

243 4093 270 4148 l.
294 4093 374 4149 Cette
387 4089 542 4148 indication
559 4107 598 4146 ne
611 4087 689 4147 suffit
702 4107 753 4168 pas
768 4109 842 4167 pour
856 4087 1030 4147 determiner
1044 4088 1070 4145 le
1086 4107 1267 4167 personnage

160 4194 166 4203 ·
199 4183 271 4241 dont
293 4184 313 4241 il
337 4185 429 4264 s'agit.
445 4184 468 4242 Il
483 4205 501 4262 y
514 4182 591 4243 avait
603 4183 681 4241 deux
696 4181 794 4242 Cende
810 4182 882 4242 dans
899 4182 927 4243 le
947 4182 1061 4242 diocese
1078 4182 1115 4280 de
1132 4186 1265 4260 Bayeux,

198 4277 506 4338 conde-sur-ttoireau
519 4291 548 4339 ct
560 4278 835 4340 Cende-sut-Seule.
