2946 5070
595 471 705 524 Llsstltt
725 468 876 525 SEXTUS.
1230 471 1268 525 75

198 609 273 668 tam
304 596 374 669 alte
396 595 536 677 ,radices
562 597 657 667 misit
687 598 723 667 in
757 598 885 669 animis
909 596 1100 669 hominnm
1132 610 1268 669 ettam

199 714 372 785 tenaciter
393 738 456 785 eos
471 711 745 801 adinimicavit¹,
759 727 819 803 ut,
835 714 998 810 quamvis
1017 715 1123 787 stulta
1139 730 1175 787 et
1192 716 1268 788 sine

199 832 349 904 rationis
384 830 564 931 probabili
599 831 721 930 aliquo
753 829 874 904 colore
905 847 1028 906 exorta
1055 832 1113 907 vol
1139 833 1267 906 saltem

199 963 408 1047 nuncupata
433 949 610 1040 videatur,
639 973 724 1021 cnm
748 962 785 1022 et
808 948 937 1022 hamus
956 965 992 1021 et
1014 949 1139 1048 piscis,
1157 972 1267 1046 quern

199 1065 310 1160 vulgo
325 1047 489 1164 cadeljau
508 1067 715 1159 nominant,
736 1090 780 1138 ex
807 1088 911 1164 aequo
939 1064 1107 1138 omnibus
1123 1067 1268 1165 populis

199 1181 400 1253 llollandlae
416 1182 620 1254 communis
640 1182 686 1254 sit
699 1181 781 1280 (qui
798 1180 1049 1280 hujuscemodi
1064 1183 1171 1254 etiam
1193 1184 1265 1280 pis<

199 1299 298 1370 cium
314 1323 358 1371 ac
378 1313 588 1372 caeterorum
605 1299 800 1397 piscatione
812 1301 947 1372 victum
962 1315 999 1372 et
1017 1323 1165 1396 magnas
1181 1300 1269 1373 divi·

199 1415 268 1489 tias
285 1439 495 1514 comparare
512 1415 815 1511 consueverunt),
834 1428 992 1489 attamen
1015 1441 1082 1490 nec
1101 1415 1267 1489 exhorta·

199 1530 301 1605 tione
318 1545 382 1603 ant
397 1530 562 1603 doctrina
588 1530 697 1603 Verbi
716 1531 850 1624 divini,
876 1557 943 1604 nec
960 1533 1089 1605 timore
1105 1531 1191 1626 Dei,
1208 1549 1269 1605 ant

198 1646 406 1746 principum
429 1647 675 1720 sanctionibus
697 1647 754 1719 vel
777 1648 924 1741 edictis,
951 1647 998 1721 ab
1021 1648 1268 1746 hujuscemodi

199 1761 465 1837 dissensionum
473 1763 729 1837 nefandissimo
743 1779 850 1860 atque
859 1766 1159 1863 perniciosissimo
1169 1766 1270 1849 serni·

200 1879 304 1954 nario
333 1876 507 1952 haeoenus
536 1881 679 1979 purgari
712 1881 769 1952 vel
803 1882 1056 1977 conquiescere
1097 1897 1265 1981 possunt,

199 1995 289 2092 quin
334 2018 475 2095 semper
510 1995 643 2067 haereat
680 1993 791 2066 fixum
820 1996 857 2066 in
884 1997 1018 2068 intimis
1043 1997 1267 2096 precordiis,

200 2111 487 2209 imitenturque’
523 2110 702 2206 majorum
742 2134 890 2182 suorum
934 2135 1074 2209 semper
1117 2110 1270 2183 infelicia

198 2226 370 2322 vatigia,
407 2258 425 2295 a
452 2241 489 2298 et
520 2227 593 2299 nati
621 2239 806 2318 natorum,
837 2240 874 2297 et
903 2228 966 2325 qui
997 2241 1195 2300 nascuntur
1223 2226 1269 2300 ab

200 2341 283 2417 ibn
304 2373 323 2409 n
1061 2402 1069 2412 .
1110 2428 1113 2432 λ
1325 2339 1330 2346 ’

220 2462 303 2530 -Ex
332 2458 401 2532 bac
426 2459 580 2533 nefanda
612 2458 792 2530 malorum
823 2458 943 2531 radice
973 2461 1141 2559 contigit,
1173 2485 1271 2534 anno

202 2576 350 2648 Domini
370 2600 599 2659 nccccmx,
618 2574 731 2672 quod,
751 2600 834 2647 cum
855 2576 900 2648 de
914 2575 1271 2675 oppidodeLeydis⁸

203 2691 401 2765 llollandiae
417 2691 584 2764 nonnulli
601 2692 733 2762 civium
748 2692 968 2786 exsularent,
983 2693 1028 2766 de
1042 2680 1142 2792 parte
1154 2697 1270 2765 Hocc-

203 2807 325 2898 kense,
345 2823 434 2881 etse
452 2807 549 2907 apud
564 2805 765 2905 Trajectum
780 2809 1012 2908 recepissent,
1032 2809 1126 2891 inito,
1140 2809 1272 2882 loedere

202 2948 286 2997 curn
298 2926 369 3020 his,
385 2925 448 3024 qui
464 2939 542 2997 turn
559 2925 803 3021 magistratum
817 2927 856 2997 in
874 2950 916 2998 ea
933 2927 1075 3000 civitate
1087 2925 1269 3022 gerebant,

204 3043 305 3141 cujus
320 3046 428 3150 cives,
451 3057 490 3114 ut
503 3043 625 3134 fertur,
643 3041 852 3140 abantiquo
869 3059 987 3142 partes
1002 3045 1146 3116 illorum
1161 3049 1273 3116 Hoec·

204 3159 368 3234 lensium
392 3161 476 3233 satis
496 3160 725 3259 pertinaciter
745 3158 1005 3254 defendebant,
1029 3160 1200 3232 auxilium
1224 3159 1272 3232 ab

204 3276 339 3349 eisdem
369 3278 600 3376 postularent.
634 3277 743 3363 Quod
766 3300 849 3347 cum
877 3275 977 3348 lacile
1000 3277 1271 3376 impetrassent,

205 3395 344 3468 circiter
362 3394 537 3468 ducentos
565 3394 662 3465 viros
688 3391 734 3464 de
760 3391 899 3467 civibus
917 3395 1010 3485 suis,
1034 3394 1130 3466 clero
1154 3408 1272 3465 tamen

207 3510 357 3585 civitatis
379 3525 414 3582 et
439 3511 697 3583 communitate
714 3507 759 3579 de
777 3508 848 3581 hoc
866 3509 954 3580 nihil
972 3508 1187 3602 scientibus,
1208 3510 1274 3582 eis·

208 3627 290 3700 dem
311 3627 513 3720 exsulibus,
540 3629 587 3700 ad
610 3651 715 3699 suurn
732 3627 909 3724 oppidum
926 3627 1128 3725 Leydense,
1144 3627 1174 3700 si
1191 3651 1274 3725 pos·

210 3759 304 3836 sent,
323 3745 628 3842 recuperandum,
647 3740 944 3834 commodarunt3
962 3769 1119 3843 quorum
1133 3756 1172 3816 et
1187 3766 1274 3815 con·

251 4048 279 4103 l.
301 4046 348 4104 Sic
362 4042 523 4104 Matthaeus.
540 4023 684 4101 Adunavit
694 4041 766 4101 daus
780 4042 807 4100 le
821 4062 875 4103 rus.

251 4141 279 4197 2.
303 4141 509 4215 Imitanturqne
520 4137 591 4197 dans
602 4138 630 4196 le
643 4156 698 4197 ms.
714 4138 900 4213 Imitaturquc
915 4137 986 4195 dans
999 4135 1161 4195 llattbaeus.

252 4235 279 4289 3.
303 4232 410 4309 Leyde.
