2946 5070
595 493 704 549 LIBER
724 490 876 547 SEXTUS.
925 536 927 540 ,
1224 497 1263 554 65

199 627 250 697 sic
271 624 372 722 quod
398 648 465 695 nec
488 647 572 694 cum
588 620 749 720 prolecto
770 619 864 736 juvit
890 617 1069 716 dignitatis
1085 644 1261 719 praeroga·

200 743 284 834 tiva,
304 770 321 809 n
340 764 407 811 nec
418 739 588 838 Apollinis
605 735 718 808 infula
731 736 868 824 texit»,
889 749 928 806 nt
943 750 1029 808 tunc
1045 736 1171 833 dignas
1187 763 1261 812 sce·
1300 751 1308 770 ⁴

199 857 281 930 letis
296 880 421 955 plenas
438 855 494 928 vel
511 854 671 927 differre¹
685 852 740 924 vel
757 851 908 924 evadere
924 853 1092 951 potuerit.

249 972 328 1043 Fuit
344 986 463 1044 autern
475 986 514 1042 et
532 971 570 1042 in
586 995 631 1042 eo
653 968 808 1041 tumultu
824 968 1066 1066 deprehensus
1080 969 1263 1043 lohannes

201 1089 379 1187 Baptista,
399 1089 485 1160 certi
512 1085 651 1158 numeri
672 1084 825 1157 militum
850 1085 1056 1183 capitaneus
1081 1111 1124 1157 ex
1149 1090 1262 1187 copiis

198 1229 353 1302 quarum
389 1206 627 1301 Hieronymus
657 1226 778 1273 comes
810 1201 1010 1274 antedictus
1039 1202 1209 1277 ducatum
1241 1231 1262 1278 a

199 1345 343 1392 summo
359 1321 528 1420 pontifice
543 1317 712 1391 habebnt.
730 1320 820 1407 Qui,
842 1320 962 1392 multis
978 1337 1174 1394 asservatus
1189 1321 1264 1394 die·

199 1435 281 1530 bus,
300 1439 367 1509 suit
386 1438 573 1534 diligenter
595 1450 631 1508 et
650 1436 788 1507 curiose
804 1436 1037 1530 examinatus,
1057 1437 1104 1509 ad
1122 1439 1266 1537 perqui-

199 1553 355 1627 rendum
386 1580 433 1627 an
455 1555 704 1652 hujuscemodi
737 1556 899 1642 factionis
923 1570 958 1627 et
992 1556 1265 1654 conspirationis

199 1672 365 1742 conscius
394 1673 509 1742 Sixtns
538 1673 697 1771 pontifex
722 1672 918 1745 exstitisset.
946 1670 1105 1743 Tandem
1127 1697 1212 1744 vero
1231 1687 1273 1763 et

199 1785 246 1858 de
264 1787 342 1884 ipso
356 1788 464 1860 etiam
479 1805 662 1887 sumptum
683 1805 735 1861 est
749 1787 892 1887 publice
904 1789 1129 1887 supplicium.

248 1902 313 1973 His
340 1918 459 1975 autern
491 1905 538 1976 ita
573 1905 757 1977 Florentiae
790 1904 947 2003 patratis,
981 1903 1184 1999 indignatus
1214 1920 1267 1976 est

199 2016 431 2090 vehementer
462 2021 623 2118 pontifex
648 2022 778 2113 Sixtus‚
813 2021 1006 2118 praesertim
1035 2018 1135 2117 quod
1166 2020 1266 2092 illum

199 2133 509 2234 archiepiscopum
537 2138 722 2224 Pisanum,
754 2150 881 2208 contra
907 2135 1085 2207 honorem
1109 2151 1145 2208 et
1168 2160 1267 2207 reve·

200 2253 353 2322 rentiam
366 2249 546 2348 dignitatis
558 2251 773 2350 pontificalis
790 2267 824 2324 et
848 2277 967 2325 sacros
980 2277 1157 2344 canones,
1178 2253 1266 2350 quin

200 2369 308 2441 etiam
325 2385 452 2442 contra
468 2369 626 2441 civilium
642 2370 762 2466 legum
783 2370 998 2461 sanctiones,
1018 2384 1091 2442 tam
1119 2370 1269 2464 ignomi-

201 2484 303 2558 niosa
320 2501 437 2557 morte
449 2486 659 2583 puniissent.
677 2484 869 2557 Ferebatur
884 2500 921 2556 et
936 2484 1104 2557 eumdem
1121 2485 1267 2583 pontifi·

201 2626 280 2674 cem
293 2603 379 2689 odio
390 2601 524 2674 habere
539 2602 618 2674 illos
632 2602 678 2674 de
692 2602 849 2695 Medicis,
864 2602 977 2699 quod,
989 2605 1027 2675 in
1041 2603 1167 2675 eadem
1178 2602 1267 2674 urbe

201 2717 407 2790 Florentina
424 2734 459 2800 et
475 2720 576 2790 terris
592 2719 667 2816 ejus
676 2717 804 2790 ditioni
816 2717 995 2815 subjectis,
1011 2743 1102 2817 saepe
1117 2718 1268 2791 decretis
1323 2726 1326 2733 '

200 2851 237 2908 et
254 2835 392 2934 placitis
411 2835 484 2906 suis
508 2834 745 2927 obstitissent,
776 2849 812 2906 et
828 2835 1062 2932 promotioni,
1087 2859 1197 2932 quam
1222 2836 1266 2909 de

200 2976 355 3050 persona
368 2951 616 3050 hujuscemodi
636 2950 895 3048 archiepiscopi
919 2951 1049 3023 lecerat
1082 2952 1128 3023 ad
1158 2954 1268 3024 ecclc·

200 3071 290 3141 siam
307 3070 483 3141 Pisanam.
507 3071 625 3156 Quam
646 3067 757 3151 etiam
784 3066 894 3164 ipsius
912 3065 1195 3163 indignationem
1212 3070 1266 3139 in-

202 3183 409 3257 flammabat
431 3183 619 3283 praedictus
634 3208 756 3255 comes
781 3183 1032 3280 Hieronymus,
1053 3185 1115 3281 qui
1146 3201 1268 3257 aucto·

201 3302 302 3375 ribus
321 3301 506 3374 seditionis
527 3299 715 3372 loederatus
739 3315 775 3372 et
805 3299 877 3371 dux
896 3299 1166 3395 quodammodo
1185 3302 1268 3374 lacti

202 3420 312 3491 totius
328 3420 497 3490 exstitisse
509 3415 699 3488 ferebatur.
715 3417 776 3488 His
788 3415 908 3512 itaque
922 3417 1055 3487 excitus
1067 3416 1161 3488 idern
1174 3441 1266 3514 pon·

201 3535 285 3605 tifex
303 3534 489 3623 maximus,
513 3546 704 3627 utrumque
730 3555 894 3601 exserens
920 3529 1077 3626 gladium
1098 3531 1266 3604 adversus

202 3649 435 3741 Florentiam,
452 3649 559 3719 sacris
577 3648 708 3719 civitati
725 3646 934 3739 interdixit’,
954 3660 989 3717 et
1005 3645 1182 3745 adjunctis
1203 3673 1263 3721 co·

202 3770 270 3867 piis
287 3781 393 3862 atque
413 3765 544 3838 auxilio
569 3763 802 3856 Ferdinandi,
824 3763 915 3859 regis
933 3764 1174 3860 Neapolitani,
1191 3764 1265 3836 bel·

204 3887 279 3957 lum
296 3886 350 3956 eis·
360 3883 489 3954 intulit.
519 3882 610 3956 Misit
623 3881 719 3952 enim
741 3905 801 3951 rex
824 3879 936 3951 filiurn
953 3883 1073 3951 suntn⁸
1089 3906 1171 3951 cum
1190 3905 1266 3953 ma·
1335 3958 1339 3965 ,

243 4075 272 4131 l.
297 4070 417 4144 Deserre
431 4064 503 4124 dans
516 4065 543 4123 le
559 4085 613 4124 ms.

243 4169 273 4226 2.
296 4169 339 4223 1⁸¹
349 4161 516 4234 juinltta.

244 4263 274 4319 3.
295 4257 431 4316 L'autcur
444 4268 512 4314 veut
526 4255 621 4333 parler
634 4254 671 4319 de
684 4253 829 4326 roderic,
847 4254 949 4332 princc
960 4251 998 4312 de
1009 4256 1143 4328 Tarento,
1159 4256 1210 4334 qui
1222 4257 1266 4318 tm

323 4376 359 4415 ιιι
1107 4358 1125 4412 5
1147 4383 1152 4394 ·
