<?xml version="1.0" encoding="UTF-8"?>
<!DOCTYPE html PUBLIC "-//W3C//DTD XHTML 1.0 Transitional//EN"
    "http://www.w3.org/TR/xhtml1/DTD/xhtml1-transitional.dtd">
<html xmlns="http://www.w3.org/1999/xhtml" xml:lang="en" lang="en">
 <head>
  <title>
</title>
<meta http-equiv="Content-Type" content="text/html;charset=utf-8" />
  <meta name='ocr-system' content='tesseract 3.04.00' />
  <meta name='ocr-capabilities' content='ocr_page ocr_carea ocr_par ocr_line ocrx_word'/>
</head>
<body>
  <div class='ocr_page' id='page_1' title='image "./histoiredesrgne00amelgoog_0239.png"; bbox 0 0 2946 5070; ppageno 0'>
   <div class='ocr_carea' id='block_1_1' title="bbox 302 485 1363 718">
    <p class='ocr_par' dir='ltr' id='par_1_1' title="bbox 302 485 1363 718">
     <span class='ocr_line' id='line_1_1' title="bbox 302 485 1093 555; baseline -0.001 -10"><span class='ocrx_word' id='word_1_1' title='bbox 302 486 361 545; x_wconf 62' lang='grc'><strong>189</strong></span> <span class='ocrx_word' id='word_1_2' title='bbox 577 485 834 555; x_wconf 69' lang='lat' dir='ltr'>HISTORIARUM</span> <span class='ocrx_word' id='word_1_3' title='bbox 854 486 1031 549; x_wconf 75' lang='lat' dir='ltr'><strong>1.me</strong></span> <span class='ocrx_word' id='word_1_4' title='bbox 1050 489 1093 546; x_wconf 80' lang='lat' dir='ltr'><strong>xl</strong></span> 
     </span>
     <span class='ocr_line' id='line_1_2' title="bbox 304 613 1363 718; baseline 0.003 -29"><span class='ocrx_word' id='word_1_5' title='bbox 304 615 526 689; x_wconf 84' lang='lat' dir='ltr'><strong>narravimus</strong></span> <span class='ocrx_word' id='word_1_6' title='bbox 545 614 616 685; x_wconf 91' lang='lat' dir='ltr'><strong>suis</strong></span> <span class='ocrx_word' id='word_1_7' title='bbox 642 613 749 707; x_wconf 73' lang='lat' dir='ltr'><strong>locis,</strong></span> <span class='ocrx_word' id='word_1_8' title='bbox 777 614 922 689; x_wconf 83' lang='lat' dir='ltr'>cuilibet</span> <span class='ocrx_word' id='word_1_9' title='bbox 938 616 1068 711; x_wconf 88' lang='lat' dir='ltr'><strong>legenti</strong></span> <span class='ocrx_word' id='word_1_10' title='bbox 1088 616 1277 692; x_wconf 79' lang='lat' dir='ltr'><strong>manifeste</strong></span> <span class='ocrx_word' id='word_1_11' title='bbox 1301 644 1363 718; x_wconf 87' lang='lat' dir='ltr'><strong>ap·</strong></span> 
     </span>
    </p>
   </div>
   <div class='ocr_carea' id='block_1_2' title="bbox 303 746 1377 3625">
    <p class='ocr_par' dir='ltr' id='par_1_2' title="bbox 303 746 416 832">
     <span class='ocr_line' id='line_1_3' title="bbox 303 746 416 832; baseline 0 -29"><span class='ocrx_word' id='word_1_12' title='bbox 303 746 416 832; x_wconf 71' lang='lat' dir='ltr'><strong>paret.</strong></span> 
     </span>
    </p>

    <p class='ocr_par' dir='ltr' id='par_1_3' title="bbox 305 851 1377 3625">
     <span class='ocr_line' id='line_1_4' title="bbox 355 851 1367 954; baseline 0.003 -30"><span class='ocrx_word' id='word_1_13' title='bbox 355 859 456 925; x_wconf 90' lang='lat' dir='ltr'><strong>Pater</strong></span> <span class='ocrx_word' id='word_1_14' title='bbox 466 877 562 944; x_wconf 91' lang='lat' dir='ltr'><strong>suus,</strong></span> <span class='ocrx_word' id='word_1_15' title='bbox 573 852 682 925; x_wconf 80' lang='lat' dir='ltr'><strong>felicis</strong></span> <span class='ocrx_word' id='word_1_16' title='bbox 693 851 1124 940; x_wconf 87' lang='lat' dir='ltr'><strong>recordationis,edictum</strong></span> <span class='ocrx_word' id='word_1_17' title='bbox 1133 872 1367 954; x_wconf 76' lang='lat' dir='ltr'><strong>proposuerat</strong></span> 
     </span>
     <span class='ocr_line' id='line_1_5' title="bbox 305 968 1366 1068; baseline 0.005 -28"><span class='ocrx_word' id='word_1_18' title='bbox 305 969 404 1067; x_wconf 91' lang='lat' dir='ltr'><strong>quod</strong></span> <span class='ocrx_word' id='word_1_19' title='bbox 430 968 557 1040; x_wconf 87' lang='lat' dir='ltr'>milites</span> <span class='ocrx_word' id='word_1_20' title='bbox 585 969 659 1057; x_wconf 89' lang='lat' dir='ltr'><strong>sui,</strong></span> <span class='ocrx_word' id='word_1_21' title='bbox 686 993 749 1066; x_wconf 90' lang='lat' dir='ltr'><strong>per</strong></span> <span class='ocrx_word' id='word_1_22' title='bbox 774 969 888 1040; x_wconf 85' lang='lat' dir='ltr'><strong>varias</strong></span> <span class='ocrx_word' id='word_1_23' title='bbox 918 969 1086 1040; x_wconf 87' lang='lat' dir='ltr'><strong>stationes</strong></span> <span class='ocrx_word' id='word_1_24' title='bbox 1119 970 1157 1040; x_wconf 91' lang='lat' dir='ltr'><strong>in</strong></span> <span class='ocrx_word' id='word_1_25' title='bbox 1189 971 1366 1068; x_wconf 86' lang='lat' dir='ltr'><strong>plerisque</strong></span> 
     </span>
     <span class='ocr_line' id='line_1_6' title="bbox 305 1083 1369 1184; baseline 0.003 -27"><span class='ocrx_word' id='word_1_26' title='bbox 305 1086 404 1181; x_wconf 83' lang='lat' dir='ltr'><strong>regni</strong></span> <span class='ocrx_word' id='word_1_27' title='bbox 425 1086 616 1184; x_wconf 90' lang='lat' dir='ltr'><strong>provinciis</strong></span> <span class='ocrx_word' id='word_1_28' title='bbox 638 1085 820 1178; x_wconf 88' lang='lat' dir='ltr'><strong>collocati,</strong></span> <span class='ocrx_word' id='word_1_29' title='bbox 842 1086 879 1155; x_wconf 95' lang='lat' dir='ltr'><strong>in</strong></span> <span class='ocrx_word' id='word_1_30' title='bbox 902 1083 1070 1156; x_wconf 89' lang='lat' dir='ltr'><strong>omnibus</strong></span> <span class='ocrx_word' id='word_1_31' title='bbox 1094 1085 1307 1159; x_wconf 80' lang='lat' dir='ltr'><strong>criminibus</strong></span> <span class='ocrx_word' id='word_1_32' title='bbox 1335 1102 1369 1160; x_wconf 89' lang='lat' dir='ltr'><strong>et</strong></span> 
     </span>
     <span class='ocr_line' id='line_1_7' title="bbox 307 1199 1370 1298; baseline 0.006 -26"><span class='ocrx_word' id='word_1_33' title='bbox 307 1201 442 1272; x_wconf 91' lang='lat' dir='ltr'><strong>delictis</strong></span> <span class='ocrx_word' id='word_1_34' title='bbox 464 1226 541 1296; x_wconf 84' lang='lat' dir='ltr'><strong>quae</strong></span> <span class='ocrx_word' id='word_1_35' title='bbox 573 1201 609 1270; x_wconf 94' lang='lat' dir='ltr'><strong>in</strong></span> <span class='ocrx_word' id='word_1_36' title='bbox 637 1199 871 1297; x_wconf 81' lang='lat' dir='ltr'><strong>provinciales</strong></span> <span class='ocrx_word' id='word_1_37' title='bbox 891 1201 1135 1292; x_wconf 72' lang='lat' dir='ltr'><strong>admitterent,</strong></span> <span class='ocrx_word' id='word_1_38' title='bbox 1159 1203 1213 1273; x_wconf 91' lang='lat' dir='ltr'><strong>uti</strong></span> <span class='ocrx_word' id='word_1_39' title='bbox 1238 1203 1370 1298; x_wconf 86' lang='lat' dir='ltr'><strong>justitia</strong></span> 
     </span>
     <span class='ocr_line' id='line_1_8' title="bbox 308 1315 1369 1415; baseline 0.002 -27"><span class='ocrx_word' id='word_1_40' title='bbox 308 1317 433 1411; x_wconf 83' lang='lat' dir='ltr'><strong>exigit,</strong></span> <span class='ocrx_word' id='word_1_41' title='bbox 462 1341 484 1388; x_wconf 92' lang='lat' dir='ltr'><strong>a</strong></span> <span class='ocrx_word' id='word_1_42' title='bbox 510 1315 689 1411; x_wconf 85' lang='lat' dir='ltr'><strong>judicibus</strong></span> <span class='ocrx_word' id='word_1_43' title='bbox 723 1316 910 1389; x_wconf 88' lang='lat' dir='ltr'><strong>ordinariis</strong></span> <span class='ocrx_word' id='word_1_44' title='bbox 936 1318 1100 1389; x_wconf 90' lang='lat' dir='ltr'><strong>locorum</strong></span> <span class='ocrx_word' id='word_1_45' title='bbox 1129 1342 1196 1415; x_wconf 90' lang='lat' dir='ltr'><strong>pro</strong></span> <span class='ocrx_word' id='word_1_46' title='bbox 1223 1343 1369 1391; x_wconf 87' lang='lat' dir='ltr'><strong>casuum</strong></span> 
     </span>
     <span class='ocr_line' id='line_1_9' title="bbox 308 1434 1370 1532; baseline 0.003 -28"><span class='ocrx_word' id='word_1_47' title='bbox 308 1435 482 1528; x_wconf 80' lang='lat' dir='ltr'><strong>exigentia</strong></span> <span class='ocrx_word' id='word_1_48' title='bbox 507 1435 717 1532; x_wconf 91' lang='lat' dir='ltr'><strong>punirentur</strong></span> <span class='ocrx_word' id='word_1_49' title='bbox 729 1463 739 1523; x_wconf 78' lang='lat'>3</span> <span class='ocrx_word' id='word_1_50' title='bbox 768 1434 926 1507; x_wconf 87' lang='lat' dir='ltr'><strong>similiter</strong></span> <span class='ocrx_word' id='word_1_51' title='bbox 955 1434 1060 1506; x_wconf 88' lang='lat' dir='ltr'><strong>etde</strong></span> <span class='ocrx_word' id='word_1_52' title='bbox 1090 1434 1259 1530; x_wconf 89' lang='lat' dir='ltr'><strong>negotiis,</strong></span> <span class='ocrx_word' id='word_1_53' title='bbox 1295 1460 1370 1531; x_wconf 75' lang='lat' dir='ltr'><strong>qua</strong></span> 
     </span>
     <span class='ocr_line' id='line_1_10' title="bbox 309 1549 1370 1647; baseline 0.005 -27"><span class='ocrx_word' id='word_1_54' title='bbox 309 1572 393 1620; x_wconf 88' lang='lat' dir='ltr'><strong>curn</strong></span> <span class='ocrx_word' id='word_1_55' title='bbox 408 1550 541 1621; x_wconf 90' lang='lat' dir='ltr'><strong>eisdem</strong></span> <span class='ocrx_word' id='word_1_56' title='bbox 553 1551 825 1641; x_wconf 83' lang='lat' dir='ltr'><strong>contraxissent,</strong></span> <span class='ocrx_word' id='word_1_57' title='bbox 841 1549 1017 1623; x_wconf 87' lang='lat' dir='ltr'><strong>haberent</strong></span> <span class='ocrx_word' id='word_1_58' title='bbox 1031 1552 1150 1622; x_wconf 87' lang='lat' dir='ltr'><strong>sistere</strong></span> <span class='ocrx_word' id='word_1_59' title='bbox 1163 1552 1237 1647; x_wconf 90' lang='lat' dir='ltr'><strong>juri</strong></span> <span class='ocrx_word' id='word_1_60' title='bbox 1250 1577 1370 1625; x_wconf 90' lang='lat' dir='ltr'><strong>coram</strong></span> 
     </span>
     <span class='ocr_line' id='line_1_11' title="bbox 310 1666 1371 1765; baseline -0.001 -24"><span class='ocrx_word' id='word_1_61' title='bbox 310 1666 389 1741; x_wconf 89' lang='lat' dir='ltr'><strong>eis:</strong></span> <span class='ocrx_word' id='word_1_62' title='bbox 413 1666 511 1762; x_wconf 92' lang='lat' dir='ltr'><strong>quod</strong></span> <span class='ocrx_word' id='word_1_63' title='bbox 539 1682 574 1738; x_wconf 88' lang='lat' dir='ltr'><strong>et</strong></span> <span class='ocrx_word' id='word_1_64' title='bbox 602 1692 662 1738; x_wconf 84' lang='lat' dir='ltr'><strong>rex</strong></span> <span class='ocrx_word' id='word_1_65' title='bbox 696 1667 760 1738; x_wconf 89' lang='lat' dir='ltr'><strong>iste</strong></span> <span class='ocrx_word' id='word_1_66' title='bbox 793 1667 993 1741; x_wconf 61' lang='lat' dir='ltr'><strong>[rudovicus</strong></span> <span class='ocrx_word' id='word_1_67' title='bbox 1022 1668 1124 1740; x_wconf 92' lang='lat' dir='ltr'><strong>initio</strong></span> <span class='ocrx_word' id='word_1_68' title='bbox 1156 1683 1240 1765; x_wconf 91' lang='lat' dir='ltr'><strong>post</strong></span> <span class='ocrx_word' id='word_1_69' title='bbox 1272 1693 1371 1741; x_wconf 91' lang='lat' dir='ltr'><strong>suam</strong></span> 
     </span>
     <span class='ocr_line' id='line_1_12' title="bbox 311 1783 1372 1856; baseline 0.004 -4"><span class='ocrx_word' id='word_1_70' title='bbox 311 1783 581 1854; x_wconf 86' lang='lat' dir='ltr'><strong>coronationem</strong></span> <span class='ocrx_word' id='word_1_71' title='bbox 608 1783 766 1854; x_wconf 88' lang='lat' dir='ltr'><strong>similiter</strong></span> <span class='ocrx_word' id='word_1_72' title='bbox 796 1784 964 1855; x_wconf 86' lang='lat' dir='ltr'><strong>edixerat.</strong></span> <span class='ocrx_word' id='word_1_73' title='bbox 999 1787 1129 1854; x_wconf 84' lang='lat' dir='ltr'><strong>Verum</strong></span> <span class='ocrx_word' id='word_1_74' title='bbox 1157 1808 1232 1854; x_wconf 94' lang='lat' dir='ltr'><strong>non</strong></span> <span class='ocrx_word' id='word_1_75' title='bbox 1261 1785 1372 1856; x_wconf 90' lang='lat' dir='ltr'><strong>multo</strong></span> 
     </span>
     <span class='ocr_line' id='line_1_13' title="bbox 311 1897 1374 1997; baseline 0.002 -29"><span class='ocrx_word' id='word_1_76' title='bbox 311 1912 392 1994; x_wconf 90' lang='lat' dir='ltr'><strong>post</strong></span> <span class='ocrx_word' id='word_1_77' title='bbox 408 1897 524 1969; x_wconf 87' lang='lat' dir='ltr'><strong>edicta</strong></span> <span class='ocrx_word' id='word_1_78' title='bbox 547 1899 668 1997; x_wconf 89' lang='lat' dir='ltr'><strong>priora</strong></span> <span class='ocrx_word' id='word_1_79' title='bbox 691 1899 876 1994; x_wconf 85' lang='lat' dir='ltr'><strong>abrogavit</strong></span> <span class='ocrx_word' id='word_1_80' title='bbox 898 1913 934 1969; x_wconf 90' lang='lat' dir='ltr'><strong>et</strong></span> <span class='ocrx_word' id='word_1_81' title='bbox 955 1899 1132 1974; x_wconf 85' lang='lat' dir='ltr'><strong>contraria</strong></span> <span class='ocrx_word' id='word_1_82' title='bbox 1148 1898 1294 1995; x_wconf 90' lang='lat' dir='ltr'><strong>publice</strong></span> <span class='ocrx_word' id='word_1_83' title='bbox 1313 1925 1374 1996; x_wconf 90' lang='lat' dir='ltr'><strong>per</strong></span> 
     </span>
     <span class='ocr_line' id='line_1_14' title="bbox 313 2013 1374 2123; baseline 0.003 -39"><span class='ocrx_word' id='word_1_84' title='bbox 313 2039 462 2109; x_wconf 91' lang='lat' dir='ltr'><strong>regnum</strong></span> <span class='ocrx_word' id='word_1_85' title='bbox 487 2017 641 2114; x_wconf 93' lang='lat' dir='ltr'><strong>proponi</strong></span> <span class='ocrx_word' id='word_1_86' title='bbox 671 2016 771 2123; x_wconf 77' lang='lat' dir='ltr'><strong>fecit,</strong></span> <span class='ocrx_word' id='word_1_87' title='bbox 804 2014 935 2110; x_wconf 89' lang='lat' dir='ltr'><strong>quibus</strong></span> <span class='ocrx_word' id='word_1_88' title='bbox 959 2013 1180 2086; x_wconf 87' lang='lat' dir='ltr'><strong>inhiberetur</strong></span> <span class='ocrx_word' id='word_1_89' title='bbox 1207 2014 1374 2087; x_wconf 88' lang='lat' dir='ltr'><strong>omnibus</strong></span> 
     </span>
     <span class='ocr_line' id='line_1_15' title="bbox 314 2129 1375 2226; baseline 0.004 -28"><span class='ocrx_word' id='word_1_90' title='bbox 314 2130 502 2202; x_wconf 89' lang='lat' dir='ltr'><strong>ordinariis</strong></span> <span class='ocrx_word' id='word_1_91' title='bbox 531 2130 728 2226; x_wconf 87' lang='lat' dir='ltr'><strong>judicibus,</strong></span> <span class='ocrx_word' id='word_1_92' title='bbox 761 2155 808 2202; x_wconf 88' lang='lat' dir='ltr'><strong>ne</strong></span> <span class='ocrx_word' id='word_1_93' title='bbox 837 2129 883 2203; x_wconf 88' lang='lat' dir='ltr'><strong>de</strong></span> <span class='ocrx_word' id='word_1_94' title='bbox 911 2129 1120 2201; x_wconf 87' lang='lat' dir='ltr'><strong>criminibus</strong></span> <span class='ocrx_word' id='word_1_95' title='bbox 1151 2143 1213 2201; x_wconf 91' lang='lat' dir='ltr'><strong>aut</strong></span> <span class='ocrx_word' id='word_1_96' title='bbox 1241 2129 1375 2202; x_wconf 85' lang='lat' dir='ltr'><strong>delictis</strong></span> 
     </span>
     <span class='ocr_line' id='line_1_16' title="bbox 313 2246 1374 2343; baseline 0.002 -26"><span class='ocrx_word' id='word_1_97' title='bbox 313 2269 458 2338; x_wconf 89' lang='lat' dir='ltr'><strong>eorum,</strong></span> <span class='ocrx_word' id='word_1_98' title='bbox 479 2248 539 2341; x_wconf 93' lang='lat' dir='ltr'><strong>qui</strong></span> <span class='ocrx_word' id='word_1_99' title='bbox 567 2248 616 2318; x_wconf 90' lang='lat' dir='ltr'><strong>sic</strong></span> <span class='ocrx_word' id='word_1_100' title='bbox 640 2246 687 2318; x_wconf 90' lang='lat' dir='ltr'><strong>ad</strong></span> <span class='ocrx_word' id='word_1_101' title='bbox 714 2272 778 2320; x_wconf 91' lang='lat' dir='ltr'><strong>sua</strong></span> <span class='ocrx_word' id='word_1_102' title='bbox 802 2246 978 2343; x_wconf 87' lang='lat' dir='ltr'><strong>stipendia</strong></span> <span class='ocrx_word' id='word_1_103' title='bbox 999 2246 1208 2333; x_wconf 87' lang='lat' dir='ltr'><strong>militarent,</strong></span> <span class='ocrx_word' id='word_1_104' title='bbox 1235 2247 1374 2341; x_wconf 89' lang='lat' dir='ltr'><strong>jurisdi·</strong></span> 
     </span>
     <span class='ocr_line' id='line_1_17' title="bbox 314 2362 1375 2462; baseline 0.005 -30"><span class='ocrx_word' id='word_1_105' title='bbox 314 2362 472 2432; x_wconf 88' lang='lat' dir='ltr'><strong>ctionem</strong></span> <span class='ocrx_word' id='word_1_106' title='bbox 492 2379 733 2457; x_wconf 85' lang='lat' dir='ltr'><strong>assumerent,</strong></span> <span class='ocrx_word' id='word_1_107' title='bbox 765 2363 827 2435; x_wconf 87' lang='lat' dir='ltr'><strong>sed</strong></span> <span class='ocrx_word' id='word_1_108' title='bbox 847 2388 912 2461; x_wconf 89' lang='lat' dir='ltr'><strong>per</strong></span> <span class='ocrx_word' id='word_1_109' title='bbox 936 2363 1129 2461; x_wconf 87' lang='lat' dir='ltr'><strong>quemdam</strong></span> <span class='ocrx_word' id='word_1_110' title='bbox 1147 2366 1375 2462; x_wconf 68' lang='lat' dir='ltr'><strong>prepositum</strong></span> 
     </span>
     <span class='ocr_line' id='line_1_18' title="bbox 316 2477 1376 2578; baseline 0.006 -31"><span class='ocrx_word' id='word_1_111' title='bbox 316 2477 604 2550; x_wconf 86' lang='lat' dir='ltr'><strong>marescallomm</strong></span> <span class='ocrx_word' id='word_1_112' title='bbox 620 2496 656 2552; x_wconf 87' lang='lat' dir='ltr'><strong>et</strong></span> <span class='ocrx_word' id='word_1_113' title='bbox 672 2482 881 2551; x_wconf 89' lang='lat' dir='ltr'><strong>commissos</strong></span> <span class='ocrx_word' id='word_1_114' title='bbox 897 2479 964 2552; x_wconf 88' lang='lat' dir='ltr'><strong>sub</strong></span> <span class='ocrx_word' id='word_1_115' title='bbox 984 2505 1028 2550; x_wconf 91' lang='lat' dir='ltr'><strong>eo</strong></span> <span class='ocrx_word' id='word_1_116' title='bbox 1053 2493 1192 2552; x_wconf 89' lang='lat' dir='ltr'><strong>tantum</strong></span> <span class='ocrx_word' id='word_1_117' title='bbox 1209 2505 1278 2578; x_wconf 91' lang='lat' dir='ltr'><strong>pro</strong></span> <span class='ocrx_word' id='word_1_118' title='bbox 1295 2505 1376 2577; x_wconf 90' lang='lat' dir='ltr'><strong>qua·</strong></span> 
     </span>
     <span class='ocr_line' id='line_1_19' title="bbox 315 2593 1373 2693; baseline 0.006 -29"><span class='ocrx_word' id='word_1_119' title='bbox 315 2616 469 2688; x_wconf 91' lang='lat' dir='ltr'><strong>cumque</strong></span> <span class='ocrx_word' id='word_1_120' title='bbox 482 2616 588 2664; x_wconf 89' lang='lat' dir='ltr'><strong>causa</strong></span> <span class='ocrx_word' id='word_1_121' title='bbox 601 2593 762 2689; x_wconf 78' lang='lat' dir='ltr'><strong>distringi</strong></span> <span class='ocrx_word' id='word_1_122' title='bbox 776 2611 931 2693; x_wconf 89' lang='lat' dir='ltr'><strong>possent.</strong></span> <span class='ocrx_word' id='word_1_123' title='bbox 952 2595 1080 2685; x_wconf 86' lang='lat' dir='ltr'><strong>Quod,</strong></span> <span class='ocrx_word' id='word_1_124' title='bbox 1100 2597 1227 2693; x_wconf 91' lang='lat' dir='ltr'><strong>procul</strong></span> <span class='ocrx_word' id='word_1_125' title='bbox 1245 2596 1373 2690; x_wconf 94' lang='lat' dir='ltr'><strong>dubio,</strong></span> 
     </span>
     <span class='ocr_line' id='line_1_20' title="bbox 316 2708 1375 2808; baseline 0.007 -30"><span class='ocrx_word' id='word_1_126' title='bbox 316 2733 391 2780; x_wconf 94' lang='lat' dir='ltr'><strong>non</strong></span> <span class='ocrx_word' id='word_1_127' title='bbox 422 2710 575 2779; x_wconf 91' lang='lat' dir='ltr'><strong>multum</strong></span> <span class='ocrx_word' id='word_1_128' title='bbox 601 2708 744 2800; x_wconf 86' lang='lat' dir='ltr'><strong>aberat,</strong></span> <span class='ocrx_word' id='word_1_129' title='bbox 774 2712 936 2806; x_wconf 89' lang='lat' dir='ltr'><strong>quamsi</strong></span> <span class='ocrx_word' id='word_1_130' title='bbox 962 2711 1012 2781; x_wconf 90' lang='lat' dir='ltr'><strong>eis</strong></span> <span class='ocrx_word' id='word_1_131' title='bbox 1034 2711 1209 2808; x_wconf 90' lang='lat' dir='ltr'><strong>impunita</strong></span> <span class='ocrx_word' id='word_1_132' title='bbox 1237 2713 1375 2785; x_wconf 88' lang='lat' dir='ltr'><strong>licentia</strong></span> 
     </span>
     <span class='ocr_line' id='line_1_21' title="bbox 317 2826 1376 2929; baseline 0.007 -34"><span class='ocrx_word' id='word_1_133' title='bbox 317 2826 453 2920; x_wconf 90' lang='lat' dir='ltr'><strong>injuriis</strong></span> <span class='ocrx_word' id='word_1_134' title='bbox 485 2851 592 2922; x_wconf 88' lang='lat' dir='ltr'><strong>quem</strong></span> <span class='ocrx_word' id='word_1_135' title='bbox 628 2827 759 2898; x_wconf 89' lang='lat' dir='ltr'><strong>vellent</strong></span> <span class='ocrx_word' id='word_1_136' title='bbox 786 2827 964 2900; x_wconf 83' lang='lat' dir='ltr'><strong>afficiendi</strong></span> <span class='ocrx_word' id='word_1_137' title='bbox 994 2853 1037 2899; x_wconf 83' lang='lat' dir='ltr'><strong>ex</strong></span> <span class='ocrx_word' id='word_1_138' title='bbox 1060 2831 1245 2900; x_wconf 89' lang='lat' dir='ltr'><strong>communi</strong></span> <span class='ocrx_word' id='word_1_139' title='bbox 1276 2831 1376 2929; x_wconf 88' lang='lat' dir='ltr'><strong>plebe</strong></span> 
     </span>
     <span class='ocr_line' id='line_1_22' title="bbox 316 2946 1377 3042; baseline 0.005 -28"><span class='ocrx_word' id='word_1_140' title='bbox 316 2946 485 3042; x_wconf 91' lang='lat' dir='ltr'><strong>permissa</strong></span> <span class='ocrx_word' id='word_1_141' title='bbox 509 2946 657 3016; x_wconf 86' lang='lat' dir='ltr'><strong>fuisset¹.</strong></span> <span class='ocrx_word' id='word_1_142' title='bbox 679 2950 768 3016; x_wconf 91' lang='lat' dir='ltr'><strong>Nam</strong></span> <span class='ocrx_word' id='word_1_143' title='bbox 790 2971 873 3017; x_wconf 93' lang='lat' dir='ltr'><strong>cum</strong></span> <span class='ocrx_word' id='word_1_144' title='bbox 888 2946 972 3017; x_wconf 85' lang='lat' dir='ltr'><strong>tales</strong></span> <span class='ocrx_word' id='word_1_145' title='bbox 990 2947 1169 3016; x_wconf 90' lang='lat' dir='ltr'><strong>commissi</strong></span> <span class='ocrx_word' id='word_1_146' title='bbox 1191 2972 1268 3018; x_wconf 93' lang='lat' dir='ltr'><strong>non</strong></span> <span class='ocrx_word' id='word_1_147' title='bbox 1283 2948 1377 3020; x_wconf 92' lang='lat' dir='ltr'><strong>aliud</strong></span> 
     </span>
     <span class='ocr_line' id='line_1_23' title="bbox 318 3062 1377 3162; baseline 0.005 -32"><span class='ocrx_word' id='word_1_148' title='bbox 318 3075 515 3159; x_wconf 74' lang='lat' dir='ltr'><strong>quaererent</strong></span> <span class='ocrx_word' id='word_1_149' title='bbox 542 3086 651 3157; x_wconf 90' lang='lat' dir='ltr'><strong>quam</strong></span> <span class='ocrx_word' id='word_1_150' title='bbox 676 3062 818 3132; x_wconf 88' lang='lat' dir='ltr'><strong>armatis</strong></span> <span class='ocrx_word' id='word_1_151' title='bbox 845 3076 1032 3133; x_wconf 88' lang='lat' dir='ltr'><strong>eteorum</strong></span> <span class='ocrx_word' id='word_1_152' title='bbox 1058 3063 1252 3162; x_wconf 86' lang='lat' dir='ltr'><strong>capitaneis</strong></span> <span class='ocrx_word' id='word_1_153' title='bbox 1281 3088 1377 3135; x_wconf 90' lang='lat' dir='ltr'><strong>com·</strong></span> 
     </span>
     <span class='ocr_line' id='line_1_24' title="bbox 317 3177 1377 3277; baseline 0.004 -29"><span class='ocrx_word' id='word_1_154' title='bbox 317 3177 474 3274; x_wconf 89' lang='lat' dir='ltr'><strong>placere,</strong></span> <span class='ocrx_word' id='word_1_155' title='bbox 492 3202 557 3249; x_wconf 89' lang='lat' dir='ltr'><strong>nec</strong></span> <span class='ocrx_word' id='word_1_156' title='bbox 574 3180 648 3249; x_wconf 91' lang='lat' dir='ltr'><strong>ausi</strong></span> <span class='ocrx_word' id='word_1_157' title='bbox 672 3179 813 3275; x_wconf 87' lang='lat' dir='ltr'><strong>ipsimet</strong></span> <span class='ocrx_word' id='word_1_158' title='bbox 826 3177 973 3249; x_wconf 86' lang='lat' dir='ltr'><strong>luissent</strong></span> <span class='ocrx_word' id='word_1_159' title='bbox 990 3179 1178 3251; x_wconf 88' lang='lat' dir='ltr'><strong>minimum</strong></span> <span class='ocrx_word' id='word_1_160' title='bbox 1192 3179 1238 3250; x_wconf 90' lang='lat' dir='ltr'><strong>de</strong></span> <span class='ocrx_word' id='word_1_161' title='bbox 1254 3180 1377 3277; x_wconf 89' lang='lat' dir='ltr'><strong>hujus·</strong></span> 
     </span>
     <span class='ocr_line' id='line_1_25' title="bbox 317 3291 1377 3389; baseline 0.003 -25"><span class='ocrx_word' id='word_1_162' title='bbox 317 3292 458 3365; x_wconf 90' lang='lat' dir='ltr'><strong>cemodi</strong></span> <span class='ocrx_word' id='word_1_163' title='bbox 474 3292 709 3389; x_wconf 85' lang='lat' dir='ltr'><strong>stipendiariis</strong></span> <span class='ocrx_word' id='word_1_164' title='bbox 724 3291 904 3363; x_wconf 83' lang='lat' dir='ltr'><strong>ollcndere</strong></span> <span class='ocrx_word' id='word_1_165' title='bbox 916 3294 972 3364; x_wconf 85' lang='lat' dir='ltr'><strong>vel</strong></span> <span class='ocrx_word' id='word_1_166' title='bbox 981 3318 1156 3384; x_wconf 85' lang='lat' dir='ltr'><strong>coercere,</strong></span> <span class='ocrx_word' id='word_1_167' title='bbox 1171 3319 1216 3364; x_wconf 88' lang='lat' dir='ltr'><strong>ne</strong></span> <span class='ocrx_word' id='word_1_168' title='bbox 1226 3295 1377 3367; x_wconf 86' lang='lat' dir='ltr'><strong>aliorum</strong></span> 
     </span>
     <span class='ocr_line' id='line_1_26' title="bbox 317 3390 1375 3506; baseline 0.007 -30"><span class='ocrx_word' id='word_1_169' title='bbox 317 3390 599 3503; x_wconf 84' lang='lat' dir='ltr'><strong>indignationem</strong></span> <span class='ocrx_word' id='word_1_170' title='bbox 625 3424 659 3479; x_wconf 89' lang='lat' dir='ltr'><strong>et</strong></span> <span class='ocrx_word' id='word_1_171' title='bbox 685 3409 952 3506; x_wconf 86' lang='lat' dir='ltr'><strong>capitaneorum</strong></span> <span class='ocrx_word' id='word_1_172' title='bbox 970 3433 1116 3479; x_wconf 89' lang='lat' dir='ltr'><strong>suorum</strong></span> <span class='ocrx_word' id='word_1_173' title='bbox 1137 3409 1375 3501; x_wconf 86' lang='lat' dir='ltr'><strong>incurrerent,</strong></span> 
     </span>
     <span class='ocr_line' id='line_1_27' title="bbox 318 3521 1151 3625; baseline 0.002 -34"><span class='ocrx_word' id='word_1_174' title='bbox 318 3521 550 3594; x_wconf 87' lang='lat' dir='ltr'><strong>remanebant</strong></span> <span class='ocrx_word' id='word_1_175' title='bbox 568 3525 717 3594; x_wconf 88' lang='lat' dir='ltr'><strong>crimina</strong></span> <span class='ocrx_word' id='word_1_176' title='bbox 733 3523 950 3619; x_wconf 72' lang='lat' dir='ltr'><strong>frequentius</strong></span> <span class='ocrx_word' id='word_1_177' title='bbox 966 3525 1151 3625; x_wconf 92' lang='lat' dir='ltr'><strong>impunita.</strong></span> 
     </span>
    </p>
   </div>
   <div class='ocr_carea' id='block_1_3' title="bbox 367 3638 1379 3737">
    <p class='ocr_par' dir='ltr' id='par_1_4' title="bbox 367 3638 1379 3737">
     <span class='ocr_line' id='line_1_28' title="bbox 367 3638 1379 3737; baseline 0.005 -28"><span class='ocrx_word' id='word_1_178' title='bbox 367 3640 489 3726; x_wconf 89' lang='lat' dir='ltr'><strong>Qualis</strong></span> <span class='ocrx_word' id='word_1_179' title='bbox 512 3663 596 3712; x_wconf 86' lang='lat' dir='ltr'><strong>vero</strong></span> <span class='ocrx_word' id='word_1_180' title='bbox 615 3641 748 3736; x_wconf 86' lang='lat' dir='ltr'><strong>justitia</strong></span> <span class='ocrx_word' id='word_1_181' title='bbox 772 3667 816 3712; x_wconf 85' lang='lat' dir='ltr'><strong>ex</strong></span> <span class='ocrx_word' id='word_1_182' title='bbox 835 3638 1085 3713; x_wconf 89' lang='lat' dir='ltr'><strong>commissione</strong></span> <span class='ocrx_word' id='word_1_183' title='bbox 1103 3664 1213 3737; x_wconf 87' lang='lat' dir='ltr'><strong>quam</strong></span> <span class='ocrx_word' id='word_1_184' title='bbox 1234 3643 1379 3716; x_wconf 89' lang='lat' dir='ltr'><strong>dederat</strong></span> 
     </span>
    </p>
   </div>
   <div class='ocr_carea' id='block_1_4' title="bbox 317 3866 1380 4324">
    <p class='ocr_par' dir='ltr' id='par_1_5' title="bbox 317 3866 1380 4324">
     <span class='ocr_line' id='line_1_29' title="bbox 359 3866 1378 3945; baseline 0.002 -19"><span class='ocrx_word' id='word_1_185' title='bbox 359 3871 387 3926; x_wconf 83' lang='lat' dir='ltr'><strong>l.</strong></span> <span class='ocrx_word' id='word_1_186' title='bbox 407 3872 441 3925; x_wconf 90' lang='lat' dir='ltr'><strong>Je</strong></span> <span class='ocrx_word' id='word_1_187' title='bbox 455 3866 511 3925; x_wconf 89' lang='lat' dir='ltr'><strong>n’ai</strong></span> <span class='ocrx_word' id='word_1_188' title='bbox 526 3885 579 3945; x_wconf 86' lang='lat' dir='ltr'><strong>pas</strong></span> <span class='ocrx_word' id='word_1_189' title='bbox 596 3867 731 3926; x_wconf 76' lang='lat' dir='ltr'><strong>retrouve</strong></span> <span class='ocrx_word' id='word_1_190' title='bbox 744 3867 951 3926; x_wconf 88' lang='lat' dir='ltr'><strong>l&#39;ordonnance</strong></span> <span class='ocrx_word' id='word_1_191' title='bbox 966 3866 1119 3944; x_wconf 72' lang='lat' dir='ltr'><strong>ltaquelle</strong></span> <span class='ocrx_word' id='word_1_192' title='bbox 1137 3870 1262 3926; x_wconf 83' lang='lat' dir='ltr'><strong>l&#39;auteur</strong></span> <span class='ocrx_word' id='word_1_193' title='bbox 1280 3869 1330 3927; x_wconf 82' lang='lat' dir='ltr'><strong>fait</strong></span> <span class='ocrx_word' id='word_1_194' title='bbox 1344 3869 1378 3928; x_wconf 86' lang='lat' dir='ltr'><strong>ici</strong></span> 
     </span>
     <span class='ocr_line' id='line_1_30' title="bbox 317 3959 1379 4037; baseline 0.001 -16"><span class='ocrx_word' id='word_1_195' title='bbox 317 3961 450 4021; x_wconf 80' lang='lat' dir='ltr'><strong>allusion.</strong></span> <span class='ocrx_word' id='word_1_196' title='bbox 475 3961 498 4019; x_wconf 93' lang='lat' dir='ltr'><strong>Il</strong></span> <span class='ocrx_word' id='word_1_197' title='bbox 518 3974 559 4018; x_wconf 90' lang='lat' dir='ltr'><strong>est</strong></span> <span class='ocrx_word' id='word_1_198' title='bbox 577 3959 706 4018; x_wconf 86' lang='lat' dir='ltr'><strong>douteux</strong></span> <span class='ocrx_word' id='word_1_199' title='bbox 719 3960 852 4020; x_wconf 81' lang='lat' dir='ltr'><strong>toutefois</strong></span> <span class='ocrx_word' id='word_1_200' title='bbox 870 3960 1133 4037; x_wconf 73' lang='lat' dir='ltr'><strong>qu&#39;ill&#39;interprete</strong></span> <span class='ocrx_word' id='word_1_201' title='bbox 1145 3959 1233 4018; x_wconf 81' lang='lat' dir='ltr'><strong>d’une</strong></span> <span class='ocrx_word' id='word_1_202' title='bbox 1252 3963 1379 4022; x_wconf 73' lang='lat' dir='ltr'><strong>muniere</strong></span> 
     </span>
     <span class='ocr_line' id='line_1_31' title="bbox 318 4053 1378 4133; baseline 0.001 -20"><span class='ocrx_word' id='word_1_203' title='bbox 318 4055 475 4133; x_wconf 69' lang='lat' dir='ltr'><strong>equitabis.</strong></span> <span class='ocrx_word' id='word_1_204' title='bbox 499 4059 543 4112; x_wconf 88' lang='lat' dir='ltr'><strong>En</strong></span> <span class='ocrx_word' id='word_1_205' title='bbox 564 4066 739 4113; x_wconf 87' lang='lat' dir='ltr'><strong>soumettant</strong></span> <span class='ocrx_word' id='word_1_206' title='bbox 759 4074 812 4112; x_wconf 89' lang='lat' dir='ltr'><strong>son</strong></span> <span class='ocrx_word' id='word_1_207' title='bbox 826 4055 922 4112; x_wconf 76' lang='lat' dir='ltr'><strong>armes</strong></span> <span class='ocrx_word' id='word_1_208' title='bbox 942 4053 1000 4111; x_wconf 76' lang='lat' dir='ltr'><strong>lla</strong></span> <span class='ocrx_word' id='word_1_209' title='bbox 1015 4053 1183 4125; x_wconf 87' lang='lat' dir='ltr'><strong>juridiction</strong></span> <span class='ocrx_word' id='word_1_210' title='bbox 1208 4054 1246 4112; x_wconf 83' lang='lat' dir='ltr'><strong>de</strong></span> <span class='ocrx_word' id='word_1_211' title='bbox 1267 4056 1378 4114; x_wconf 84' lang='lat' dir='ltr'><strong>Tristan</strong></span> 
     </span>
     <span class='ocr_line' id='line_1_32' title="bbox 318 4147 1380 4226; baseline 0.002 -21"><span class='ocrx_word' id='word_1_212' title='bbox 318 4147 463 4207; x_wconf 83' lang='lat' dir='ltr'><strong>Lhermite</strong></span> <span class='ocrx_word' id='word_1_213' title='bbox 482 4148 525 4220; x_wconf 89' lang='lat' dir='ltr'><strong>(le</strong></span> <span class='ocrx_word' id='word_1_214' title='bbox 543 4149 646 4226; x_wconf 78' lang='lat' dir='ltr'><strong>prevot</strong></span> <span class='ocrx_word' id='word_1_215' title='bbox 666 4147 715 4206; x_wconf 87' lang='lat' dir='ltr'><strong>des</strong></span> <span class='ocrx_word' id='word_1_216' title='bbox 736 4147 910 4206; x_wconf 69' lang='lat' dir='ltr'><strong>marechaux</strong></span> <span class='ocrx_word' id='word_1_217' title='bbox 928 4167 964 4206; x_wconf 90' lang='lat' dir='ltr'><strong>en</strong></span> <span class='ocrx_word' id='word_1_218' title='bbox 979 4147 1122 4225; x_wconf 88' lang='lat' dir='ltr'><strong>question)</strong></span> <span class='ocrx_word' id='word_1_219' title='bbox 1146 4147 1197 4224; x_wconf 88' lang='lat' dir='ltr'><strong>qui</strong></span> <span class='ocrx_word' id='word_1_220' title='bbox 1217 4148 1306 4206; x_wconf 79' lang='lat' dir='ltr'><strong>futla</strong></span> <span class='ocrx_word' id='word_1_221' title='bbox 1324 4161 1380 4208; x_wconf 86' lang='lat' dir='ltr'><strong>ter-</strong></span> 
     </span>
     <span class='ocr_line' id='line_1_33' title="bbox 319 4238 1380 4324; baseline 0.001 -25"><span class='ocrx_word' id='word_1_222' title='bbox 319 4261 386 4301; x_wconf 88' lang='lat' dir='ltr'><strong>reur</strong></span> <span class='ocrx_word' id='word_1_223' title='bbox 411 4242 461 4301; x_wconf 85' lang='lat' dir='ltr'><strong>des</strong></span> <span class='ocrx_word' id='word_1_224' title='bbox 488 4260 558 4324; x_wconf 82' lang='lat' dir='ltr'><strong>gens</strong></span> <span class='ocrx_word' id='word_1_225' title='bbox 581 4241 619 4301; x_wconf 87' lang='lat' dir='ltr'><strong>de</strong></span> <span class='ocrx_word' id='word_1_226' title='bbox 645 4261 765 4321; x_wconf 86' lang='lat' dir='ltr'><strong>guerre,</strong></span> <span class='ocrx_word' id='word_1_227' title='bbox 792 4240 812 4299; x_wconf 92' lang='lat' dir='ltr'><strong>il</strong></span> <span class='ocrx_word' id='word_1_228' title='bbox 832 4253 876 4299; x_wconf 81' lang='lat' dir='ltr'><strong>est</strong></span> <span class='ocrx_word' id='word_1_229' title='bbox 904 4241 970 4320; x_wconf 88' lang='lat' dir='ltr'><strong>plus</strong></span> <span class='ocrx_word' id='word_1_230' title='bbox 995 4238 1136 4320; x_wconf 80' lang='lat' dir='ltr'><strong>probabla</strong></span> <span class='ocrx_word' id='word_1_231' title='bbox 1158 4258 1217 4319; x_wconf 84' lang='lat' dir='ltr'><strong>que</strong></span> <span class='ocrx_word' id='word_1_232' title='bbox 1236 4240 1326 4301; x_wconf 73' lang='lat' dir='ltr'><strong>Iouis</strong></span> <span class='ocrx_word' id='word_1_233' title='bbox 1339 4243 1380 4300; x_wconf 87' lang='lat' dir='ltr'><strong>x1</strong></span> 
     </span>
    </p>
   </div>
   <div class='ocr_carea' id='block_1_5' title="bbox 0 0 1498 5070">
    <p class='ocr_par' dir='ltr' id='par_1_6' title="bbox 0 0 1498 5070">
     <span class='ocr_line' id='line_1_34' title="bbox 0 0 1498 5070; baseline 0 0"><span class='ocrx_word' id='word_1_234' title='bbox 0 0 1498 5070; x_wconf 95' lang='lat' dir='ltr'><strong> </strong></span> 
     </span>
    </p>
   </div>
  </div>
 </body>
</html>
