2946 5070
597 519 708 576 LIBER
737 519 888 576 SEXTUS.
1227 523 1265 578 85

205 649 308 721 Unde
338 665 374 722 et
399 650 555 748 primum
586 651 688 722 inviti
723 650 891 723 eumdem
921 676 1026 724 suum
1043 650 1264 751 pontificem,

202 777 419 860 procurante
445 762 536 835 duce
554 763 719 862 Philippo
743 787 766 836 a
790 763 881 836 Sede
905 764 1100 863 apostolica
1115 789 1266 865 promo-

203 884 312 972 tum¹,
332 904 406 952 non
422 880 577 952 valentes
593 879 753 977 ejusdem
784 879 937 979 Philippi
951 879 1140 953 conatibus
1156 881 1267 955 obsis-

203 1009 294 1086 tere,
312 1010 561 1094 susoeperunt,
578 994 663 1067 curn
677 996 809 1068 electus
826 995 914 1067 alter
931 995 1051 1068 fuisset
1067 996 1174 1069 frater
1199 996 1266 1070 do·

202 1110 292 1182 mini
309 1111 356 1183 de
371 1109 589 1206 Brederode,
599 1113 662 1211 qui
677 1113 884 1211 praepositus
898 1127 973 1184 erat
984 1113 1138 1186 ecclesiae
1146 1116 1267 1189 Sancti

203 1227 345 1300 Martini
370 1228 629 1326 Trajectensis',
659 1228 704 1300 de
720 1228 852 1301 familia
867 1230 1006 1326 utique,
1024 1256 1105 1328 quae
1124 1255 1196 1303 una
1211 1234 1266 1306 vel

201 1343 381 1441 praecipua
411 1360 551 1444 semper
582 1343 686 1416 fuisse
720 1344 829 1417 fertur
843 1368 845 1372 ’
859 1345 1082 1418 tenacissima
1109 1347 1266 1444 partium

201 1456 466 1531 Hoeckensium
483 1461 521 1531 in
537 1459 740 1533 Hollandia.
805 1472 812 1479 “

252 1578 305 1644 Ex
328 1574 385 1647 his
401 1574 520 1671 itaque
548 1575 657 1648 animi
683 1572 875 1648 latentibus
892 1573 1041 1669 morbis,
1068 1576 1154 1650 odia
1184 1602 1267 1650 con·

201 1703 373 1788 ceperant
388 1705 425 1763 et
437 1691 638 1785 inimicitias
652 1690 890 1787 Trajectenses
900 1690 1004 1762 multi
1020 1706 1146 1765 contra
1160 1718 1266 1766 suum

200 1804 410 1903 pontificem
424 1834 433 1897 ;
451 1831 659 1906 quanquam
674 1832 717 1880 ex
733 1805 872 1878 civibus
879 1806 1102 1901 gravioribus
1117 1809 1266 1881 aclocu·

201 1919 413 2017 pletioribus
440 1923 556 2021 major
578 1947 760 2014 numerus,
791 1922 917 2021 procul
950 1920 1078 2013 dubio,
1105 1924 1265 2020 ejusdem

198 2035 255 2108 sui
264 2036 445 2134 pontificis
454 2037 907 2136 justitiam,benignitatem
919 2053 1025 2135 atque
1037 2038 1264 2137 prudentiam

199 2169 408 2251 pensantes,
440 2155 544 2227 simul
578 2155 832 2251 quietissimam
864 2167 900 2225 et
932 2152 1168 2227 felicissimam
1204 2181 1266 2255 pa·

199 2292 298 2362 cem,
331 2294 441 2367 quam
472 2269 540 2341 sub
566 2294 632 2342 suo
658 2270 846 2369 presulatu
875 2294 940 2369 per
968 2293 1084 2343 anuos
1113 2272 1266 2371 amplius

199 2385 324 2482 viginti
342 2401 499 2484 quatuor
516 2386 718 2461 habuerant
741 2387 833 2484 (quae
855 2411 937 2459 raro
953 2389 1005 2460 eis
1025 2403 1100 2461 tam
1126 2387 1266 2463 diutina

198 2500 345 2577 durasse
361 2505 504 2602 cognita
518 2517 588 2598 est,
608 2505 646 2576 in
662 2504 797 2576 saeculis
811 2505 1025 2601 retroactis),
1044 2526 1128 2578 eum
1143 2504 1265 2602 dilige-

199 2615 305 2711 baut,
325 2634 361 2691 et
380 2634 420 2692 ut
434 2621 635 2716 longevum
661 2643 736 2691 esse
754 2618 792 2689 in
806 2618 1112 2693 administratione
1128 2621 1265 2718 episco-

198 2749 305 2833 patus
328 2761 412 2808 eum
439 2737 507 2810 sibi
524 2737 646 2809 divina
663 2737 776 2835 pietas
794 2735 963 2831 donaret,
985 2738 1077 2809 votis
1096 2738 1263 2837 supplici·

198 2852 269 2926 bus
282 2854 533 2953 precabantur.
942 2902 946 2909 -

249 2971 313 3042 His
342 2971 461 3069 itaque
476 2970 623 3069 aliisque
645 2968 814 3041 odiorum
832 2970 946 3042 causis
965 2969 1146 3048 ‚stimulati
1158 2975 1182 3060 ⁸,
1202 2974 1264 3070 qui

198 3088 415 3186 pertinacius
429 3102 544 3187 partes
561 3086 723 3159 factionis
733 3084 996 3160 floeekensium
1006 3084 1262 3184 defendebant,

199 3202 277 3277 aliis
292 3203 584 3297 adversabantur,
596 3202 658 3299 qui
674 3226 779 3273 suum
793 3201 1001 3300 pontificem
1011 3203 1112 3303 sequi
1128 3228 1171 3278 ao
1183 3203 1264 3277 dili·

240 3491 270 3548 l.
294 3485 417 3545 Thomas
430 3486 533 3558 Basin,
552 3484 624 3545 dans
642 3504 695 3544 son
714 3472 841 3544 Histoire
859 3480 897 3542 de
913 3478 1114 3556 (fredam,
1132 3483 1211 3544 avait
1223 3484 1266 3551 dit

199 3600 272 3642 avec
283 3581 348 3661 plus
362 3576 503 3660 d'equite,
517 3600 553 3640 en
566 3579 681 3660 parlant
692 3576 730 3638 de
743 3578 774 3639 la
786 3594 891 3658 guerre
903 3594 961 3657 que
973 3574 1105 3659 Philippo
1116 3576 1146 3638 le
1156 3578 1220 3639 Bon
1233 3578 1266 3639 dt

199 3696 258 3737 aux
278 3674 435 3749 Trajeetins
453 3693 490 3734 en
512 3675 609 3733 llbss:
628 3700 642 3727 a
658 3675 699 3733 Ut
719 3690 769 3732 eos
789 3668 828 3730 ed
847 3668 1009 3751 parendum
1028 3669 1193 3751 apostolius
1211 3671 1264 3732 de-

199 3771 301 3844 cretis,
319 3769 365 3829 vel
383 3770 441 3828 suis
453 3767 548 3849 potius
562 3765 725 3840 desideriis,
744 3764 852 3827 inritos
867 3776 897 3824 et
910 3762 1051 3825 coercitos
1062 3762 1230 3826 adduceret.
1246 3788 1263 3820 ι

199 3867 233 3924 Τ.
247 3867 283 3936 1,
322 3907 328 3920 .
348 3865 418 3922 287.

242 3959 272 4015 Ξ.
295 3885 410 4016 disbert
432 3956 468 4014 de
485 3950 664 4027 Brederode,
684 3954 789 4034 prevdt
811 3952 850 4013 de
872 3951 901 4013 la
923 3948 1263 4013 mutdrdsd‘unecht.

201 4049 353 4109 Matthaeus
371 4069 388 4107 a
402 4049 499 4107 donne
519 4048 604 4107 l‘aote
626 4045 665 4106 de
683 4065 737 4106 son
754 4044 895 4118 electior,
909 4042 976 4105 date
992 4043 1035 4105 dn
1047 4046 1066 4105 7
1079 4040 1153 4105 avril
1171 4043 1263 4103 tlte.

200 4147 356 4215 Analecta,
378 4156 399 4204 t.
414 4146 459 4212 11,
476 4163 506 4221 p.
524 4143 591 4201 3102.

243 4240 272 4297 3.
295 4235 396 4296 Manli.
411 4234 632 4297 stimulantibus.

1310 3896 1315 3907 ι
