2946 5070
604 477 713 535 mnu
733 476 883 535 sextus.
1234 483 1273 541 83

211 603 297 679 fidei
314 621 421 682 antea
433 607 575 683 creditae
596 607 754 703 fixerant,
775 609 910 683 amovit
924 623 960 681 et
977 608 1045 682 sibi
1068 616 1267 711 assumpsit.

211 726 240 794 Α
261 737 339 796 toto
362 738 481 798 autem
496 749 597 825 paene
613 724 750 826 populo
771 723 934 818 civitatis,
951 718 1134 823 potissime
1150 739 1270 801 umen

209 835 258 911 ab
284 839 341 913 his
368 841 431 938 qui
451 865 522 914 suae
546 840 709 917 factionis
724 840 913 940 participes
937 840 1120 916 ueletiam
1146 857 1270 916 aucto·

208 978 266 1026 res
284 957 503 1052 exstiterant,
523 958 591 1032 sibi
614 957 767 1033 multum
788 956 1083 1057 applaudebatur,
1107 973 1145 1032 et
1171 960 1272 1057 quasi

207 1072 333 1170 priseae
365 1099 437 1150 suae
461 1073 633 1149 libertatis
656 1077 837 1149 restitutor
868 1075 1010 1177 publice
1037 1075 1272 1175 privatimque

208 1189 407 1281 serebattu3
429 1191 634 1291 fiebantque
656 1217 722 1293 per
744 1194 894 1266 civitatis
914 1195 1048 1294 plateas
1071 1194 1273 1293 frequentes

206 1306 430 1406 epulationes
455 1311 644 1408 pervices,
661 1335 774 1383 ,nunc
790 1310 827 1397 in
854 1334 927 1384 una
944 1311 1087 1400 vicinia,
1112 1335 1209 1384 nunc
1233 1312 1270 1383 in

206 1424 290 1517 alia,
316 1427 365 1501 ita
389 1441 430 1499 ut
453 1428 575 1501 civitas
597 1428 635 1500 in
659 1427 766 1527 hujus
786 1429 952 1501 novimtis
973 1429 1128 1511 exordiis
1141 1430 1273 1528 jugiter

206 1541 319 1615 serane
333 1541 453 1615 festiva
467 1543 660 1618 videretur.

255 1657 327 1731 Sed
341 1657 502 1759 proiecto
520 1685 596 1735 non
611 1660 740 1733 eodem
756 1658 848 1733 fastu
865 1660 1128 1758 responderunt
1141 1660 1266 1735 ultima

204 1773 352 1873 primis3
370 1774 445 1847 imo
471 1775 619 1873 hujusce
635 1799 735 1849 vanae
750 1774 992 1847 exsultationis
1018 1788 1178 1862 extrema
1195 1791 1272 1849 tan·

203 1888 291 1963 dem
329 1889 558 1964 calamitosus
592 1917 634 1965 ac
666 1889 890 1988 gratimus
925 1891 1113 1989 occupavit
1141 1889 1269 1964 luctus.

203 2007 276 2096 Qui
311 2032 385 2082 suae
419 2008 634 2082 instaurator
662 2006 812 2081 civitatis
833 2005 976 2107 publice
1002 2005 1216 2102 jactabatur,
1235 2007 1272 2079 in

204 2137 344 2198 tantam
366 2124 514 2198 demum
529 2126 733 2199 universam
743 2123 921 2196 civitatem
942 2146 986 2196 ac
1002 2136 1076 2197 tam
1090 2120 1271 2196 miserabi-

202 2238 276 2313 lem
291 2242 497 2315 servitutem
514 2242 666 2338 redegit,
695 2255 735 2313 ut
750 2239 839 2313 nihil
869 2239 979 2313 terme
994 2265 1019 2313 a
1038 2241 1147 2313 servis
1159 2265 1273 2339 poenae

203 2355 357 2431 addictis
385 2359 480 2431 cives
500 2359 740 2457 lrajeetenses
767 2356 909 2429 diiierre
937 2358 1162 2450 viderentur,
1190 2383 1270 2431 mo·

203 2499 314 2574 reque
326 2477 574 2573 jumentorum
585 2489 648 2551 aut
663 2499 849 2575 pecorum
863 2476 994 2573 passim
1005 2475 1175 2548 adversus
1192 2500 1270 2567 eos,

202 2615 296 2690 quos
313 2592 449 2666 eisdem
471 2606 658 2692 paraverat
676 2591 810 2684 hostes,
831 2591 890 2664 die
916 2607 1097 2691 noctuque
1121 2616 1186 2689 per
1202 2592 1270 2662 im·

202 2707 308 2803 brea,
334 2710 434 2783 nives
448 2693 502 2783 ac
523 2709 652 2806 frigora
681 2710 781 2786 exire,
799 2724 835 2782 et
850 2709 961 2781 vitam
981 2732 1083 2781 suam
1101 2707 1270 2807 periculis

202 2824 374 2901 omnibus
398 2850 578 2925 exponere
601 2840 825 2921 cogerentur.
844 2831 926 2899 Haec
939 2826 1004 2898 suit
1016 2824 1174 2918 libertas,
1192 2824 1268 2897 hace

201 2943 387 3042 privilegia
399 2943 676 3041 Trajectensium
709 2943 869 3019 resn'tura
884 2966 949 3043 per
975 2941 1169 3017 adventurn
1197 2939 1268 3012 do-

201 3059 293 3133 mini
307 3059 356 3132 de
369 3059 585 3132 Montelorti.
1059 3072 1062 3075 ’
1104 3128 1109 3132 .

251 3174 490 3251 aduiteram
505 3190 624 3250 tamen
642 3199 715 3248 atate
731 3174 940 3250 calamitatis
955 3187 991 3245 et
1017 3172 1127 3245 ruinae
1157 3171 1266 3245 sortu-

200 3319 288 3369 nam
312 3319 429 3369 crassa
453 3293 625 3393 quadam¹
643 3294 868 3391 ignoratione
885 3292 962 3393 ipsa
989 3290 1264 3387 Trajectensium

199 3414 343 3487 civitate
370 3437 407 3486 se
429 3426 640 3506 excusante,
666 3410 906 3486 causabantur
930 3406 1050 3508 plures
1076 3430 1097 3478 e
1126 3405 1265 3479 civibus

200 3529 438 3628 nonnullique
454 3530 499 3604 de
515 3531 612 3602 clero
627 3528 797 3602 adversus
813 3525 1005 3600 dominum
1029 3538 1066 3598 et
1084 3538 1264 3624 pastorem

199 3671 326 3734 suum,
354 3644 454 3742 quod
477 3644 633 3742 quadam
665 3644 802 3742 majore
834 3638 1037 3743 imperandi
1067 3636 1264 3712 ambitione

198 3762 326 3856 elatus,
337 3762 429 3835 duee
440 3761 570 3836 Carolo
583 3783 754 3857 germano
774 3784 841 3832 suo
856 3758 1057 3858 superstite,
1079 3755 1181 3854 cujus
1196 3780 1263 3827 no·

238 3961 269 4016 l‘.
289 3959 345 4019 lis.
363 3981 377 4009 a
392 3956 523 4015 mam
536 3954 681 4034 quandam
693 3953 938 4033 ignorationem.»
956 3951 1107 4013 Mattheus
1119 3971 1138 4011 a
1151 3951 1263 4031 eonii

199 4064 278 4111 toute
300 4051 329 4110 la
350 4049 455 4130 phrase
477 4068 590 4110 comme
606 4049 626 4107 il
649 4048 706 4108 suit
728 4071 735 4107 ι
756 4072 771 4102 α
853 4059 950 4106 tamen
970 4064 1030 4107 aute
1047 4044 1216 4106 calamitatis
1234 4055 1265 4103 et

201 4173 214 4199 ι
229 4145 323 4205 ruinae
340 4145 467 4205 nesdam
483 4161 637 4221 crassaque
656 4141 818 4220 ignorantia
835 4138 1029 4201 exmsaudam
1043 4139 1134 4216 ipsam
1147 4136 1262 4211 Traiec-

200 4264 214 4291 ι
230 4237 354 4297 tensium
368 4237 522 4296 civitatem.
537 4263 551 4288 υ
