2946 5070
334 566 336 571 Ι
500 488 609 545 tisun
637 485 839 546 SECUNDUS.
1144 488 1200 546 tet

67 664 72 673 .
134 621 253 719 risque
283 619 468 695 canonicis
498 618 654 717 antiquis
687 618 879 718 privilegiis
909 634 946 693 et
980 617 1203 694 libertatibus

132 735 356 810 earumdem.

184 852 280 940 Quin
310 852 419 926 etiam
450 848 724 953 surripientibus
755 850 887 950 iniquis
920 866 957 924 et
988 852 1203 952 importunis

133 966 336 1066 quibusque
352 968 576 1060 hominibus,
600 965 778 1065 quidquid
795 964 840 1038 de
862 966 1073 1039 inferiorum
1092 966 1203 1039 eccle·

132 1085 358 1158 siasticorum
380 1086 567 1160 titulorum
583 1083 822 1175 ordinatione,
840 1083 898 1156 vel
910 1084 1052 1182 justitiae
1072 1082 1130 1155 vel
1148 1083 1203 1155 in·

127 1199 271 1296 justitiae
287 1199 508 1275 exhibitione
524 1197 683 1290 mandet,
702 1197 820 1297 pareri
835 1197 905 1270 sibi·
916 1198 1005 1294 vult,
1022 1197 1123 1270 nullo
1138 1196 1201 1271 de·

130 1319 226 1392 lectu
258 1320 405 1414 habim,
437 1322 572 1419 justum
607 1332 715 1415 atque
748 1341 891 1415 aequum
921 1304 958 1391 id
992 1319 1202 1417 iniquumve
1334 1298 1339 1319 ’

131 1437 286 1532 exsistat,
305 1438 474 1535 nullaque
489 1438 527 1510 in
548 1434 769 1509 contrarium
787 1435 1014 1508 excusatione
1031 1433 1197 1507 admissu.

130 1539 239 1639 Quod
257 1554 325 1653 ipsi
342 1579 448 1652 saepe,
467 1554 556 1626 dum
572 1552 630 1625 vel
644 1551 683 1623 in
700 1551 847 1624 ecclesia
868 1567 991 1624 nostra
1006 1550 1201 1625 residentes

130 1667 250 1741 adhuc
268 1694 439 1762 essemus,
461 1670 518 1742 vel
539 1669 628 1741 dum
649 1664 718 1738 sibi
737 1667 776 1738 in
797 1668 965 1743 exercitio
983 1666 1201 1740 cancellarite

129 1783 167 1854 in
187 1785 374 1858 Catalonia
394 1784 620 1874 serviremus,
646 1807 722 1854 non
746 1782 823 1854 sine
843 1782 965 1854 multis
984 1783 1143 1882 suspiriis
1157 1807 1201 1858 uc

130 1902 332 1996 gemitibus,
351 1901 445 2001 proh
462 1897 586 1974 dolorl
603 1901 738 2001 experti
752 1922 893 1993 sumus;
911 1897 976 1971 ubi
988 1899 1087 1973 nulla
1098 1924 1200 1998 prene

128 2041 292 2114 unquam
309 2016 356 2091 ab
375 2042 419 2090 eo
435 2018 606 2091 mandata
621 2018 678 2090 vel
694 2017 861 2116 epistolas
880 2015 1112 2113 suscepimus,
1131 2017 1200 2089 nisi
1307 2110 1321 2121 ..

129 2133 186 2206 vel
200 2159 267 2233 pro
278 2134 449 2233 injustitia
464 2135 570 2208 alicui
587 2134 763 2223 iacienda,
781 2132 839 2206 vel
853 2157 921 2232 pro
936 2131 1200 2229 requirentibus

31 2346 36 2355 ι
128 2264 236 2349 atque
256 2251 428 2325 instanter
449 2249 654 2353 petentibus
669 2251 806 2349 justitia
817 2249 1030 2347 deneganda
1048 2273 1111 2329 seu
1130 2249 1198 2323 dif-

129 2365 288 2440 ferenda.

178 2477 286 2567 Quod
299 2479 419 2578 igitur,
440 2479 654 2580 disponente
670 2479 736 2551 Dei
751 2477 956 2571 clementia,
972 2477 1034 2552 tali
1046 2477 1197 2553 domino

128 2592 329 2692 talibusque
353 2598 466 2670 anxiis
488 2611 525 2669 et
547 2595 723 2695 perplexis
742 2592 970 2667 servitutibus
987 2595 1143 2694 exempti
1162 2611 1198 2668 et

128 2707 231 2782 liberi
248 2735 384 2806 sumus,
406 2712 536 2807 gratias
553 2710 791 2809 permaximas
802 2734 871 2781 nos
883 2732 952 2806 pro
970 2722 1071 2780 tanto
1087 2708 1198 2782 bene-

128 2822 212 2895 ficio
236 2823 368 2896 debere
390 2826 442 2899 illi
466 2826 734 2923 cognoscimus,
757 2824 821 2923 qui
841 2848 909 2896 nos
924 2825 1053 2922 eripuit
1068 2826 1114 2898 de
1133 2852 1198 2926 po-

128 2950 251 3011 testate
272 2940 520 3036 tenebrarum,
543 2941 589 3013 de
608 2940 754 3014 fornace
771 2954 878 3039 atque
899 2940 1068 3012 incendio
1086 2940 1198 3040 Baby·

127 3050 234 3143 lonis,
253 3067 361 3149 atque
382 3054 571 3127 durissima
587 3054 667 3147 luti,
686 3052 797 3152 palere
811 3066 848 3123 et
865 3052 985 3125 lateris
1001 3051 1197 3127 Pharaonis

21 3233 29 3255 ,
127 3169 306 3241 servitute.
332 3173 408 3242 Hac
433 3171 567 3268 quippe
588 3169 744 3259 ratione,
775 3167 847 3239 hoc
867 3168 966 3240 velut
985 3169 1196 3243 suavissimo

129 3299 312 3380 unguento
329 3310 476 3359 omnem
492 3286 568 3357 vim
582 3286 725 3358 inllictae
744 3285 1020 3384 persecutionis,
1048 3312 1195 3363 omnem

128 3401 333 3474 exsiliorum
350 3403 565 3497 molestiam,
591 3420 738 3477 omnem
757 3428 878 3476 rerum
895 3404 1094 3502 jacturam,
1117 3432 1195 3481 ont·

128 3517 202 3609 nia,
217 3541 296 3614 quse
306 3520 380 3616 pati
395 3520 650 3614 existimamur,
664 3520 898 3594 incommoda
910 3520 1071 3595 solamur
1086 3539 1194 3623 atque

128 3635 205 3704 Deo
226 3632 388 3730 adjutore
402 3634 574 3708 levamus.
