2946 5070
314 489 373 546 att
667 501 670 504 ’
730 483 935 552 APOLOGM,

314 620 377 716 qui
395 619 502 690 etiam
521 618 646 688 missus
662 630 737 686 erat
752 615 798 689 ad
815 615 1005 687 dominum
1024 614 1155 685 ducem
1168 613 1372 685 Aleuconii¹

312 748 349 806 et
379 733 554 830 quosdam
585 732 673 803 alios
703 731 872 803 dominos
899 730 944 802 de
974 731 1051 829 ipsa
1073 730 1272 828 provincia.
1304 732 1373 798 Nos

311 866 431 921 autem
448 863 591 944 rogatos
608 846 756 920 faciebat
773 846 953 944 quatinus,
970 846 1017 918 ad
1038 846 1124 918 dicti
1140 845 1194 916 sui
1209 843 1372 917 desiderii

311 965 604 1063 consequendum
620 963 804 1053 ellectum,
826 986 952 1063 operas
963 976 1100 1035 nostras
1115 975 1152 1031 et
1167 959 1371 1054 suffragium

309 1081 483 1180 impertiri
506 1081 696 1170 vellemus,
728 1095 858 1153 extunc
882 1080 1036 1150 retinens
1052 1103 1119 1150 nos
1145 1077 1192 1148 de
1223 1075 1371 1147 consilio

309 1224 375 1272 suo
392 1197 458 1271 sub
477 1221 606 1294 magna
619 1211 655 1268 et
666 1195 884 1287 honorabili,
900 1219 1009 1292 quam
1023 1191 1258 1293 pollicebatur
1269 1190 1373 1262 nobis

308 1339 345 1387 se
362 1315 542 1404 daturum,
558 1316 741 1413 pensione.
761 1317 913 1410 Recepta
929 1325 1047 1391 autem
1063 1335 1127 1382 sua
1140 1308 1303 1408 epistola,
1323 1308 1373 1378 uti

309 1443 485 1527 parerat,
504 1454 587 1500 eum
605 1429 704 1500 omni
720 1427 919 1501 reverentia
936 1427 1146 1513 ethonore,
1164 1426 1249 1497 visis
1266 1426 1374 1498 etiam

307 1544 600 1639 instructionibus
615 1570 704 1642 quas
720 1544 794 1644 ipse
815 1569 899 1626 suus
920 1543 1054 1640 legatus
1071 1544 1220 1642 scriptas
1240 1540 1373 1613 delere·

306 1659 387 1752 bat,
407 1661 513 1732 simul
529 1677 565 1734 et
581 1661 709 1733 auditis
732 1675 838 1759 atque
859 1661 1044 1733 intellectis
1061 1686 1140 1760 quae
1157 1659 1374 1733 verbotenus

308 1775 460 1849 dicenda
478 1776 594 1849 sibiet
610 1777 743 1851 credita
765 1775 929 1869 fuissent,
946 1777 1074 1872 gratias
1094 1778 1232 1873 egimus
1246 1777 1293 1849 de
1309 1777 1374 1848 ho·

307 1917 396 1965 nore
421 1919 529 1991 quem
555 1891 661 1965 nobis
688 1891 864 1964 facturum
888 1891 1137 1992 promittebat,
1170 1893 1200 1965 si
1224 1892 1273 1966 ad
1301 1892 1375 1989 ejus

306 2011 448 2082 servitia
471 2025 507 2082 et
523 2008 696 2106 obsequia
715 2009 837 2080 venire
861 2023 896 2080 et
923 2007 1110 2101 accedere,
1137 2009 1374 2106 quemadmo-

306 2124 396 2197 dum
424 2125 616 2198 affectuose
645 2122 814 2220 rogabat,
847 2125 1058 2196 duceremus
1065 2153 1076 2215 ;
1112 2149 1260 2218 verum,
1293 2150 1375 2197 curn

306 2241 405 2338 prius
421 2238 467 2311 ab
487 2242 625 2338 optimo
644 2263 726 2335 rege
747 2240 906 2335 genitore
924 2264 989 2311 sno
1008 2241 1198 2338 preventi,
1220 2241 1268 2314 ad
1284 2242 1375 2339 ejus·

307 2379 376 2452 que
405 2356 507 2426 acciti
532 2355 739 2448 consilium,
771 2355 923 2428 honesta
950 2353 1056 2427 nobis
1084 2355 1261 2452 assignata
1288 2382 1374 2456 pen·

306 2470 420 2564 sione,
448 2471 646 2563 fuissemus,
664 2472 928 2544 excusationem
948 2470 1113 2544 dedimus
1126 2473 1229 2570 quod
1251 2474 1373 2568 nobis,

306 2589 430 2660 relicto
447 2588 556 2687 patris
578 2589 743 2683 servitio,
762 2589 830 2661 uisi
847 2588 893 2661 ab
915 2613 958 2660 eo
984 2589 1092 2685 jussi,
1117 2589 1165 2662 ad
1181 2617 1288 2663 suum
1307 2594 1375 2664 mi·

308 2706 404 2776 nime
421 2706 569 2777 transire
590 2730 787 2803 possemus.
817 2710 896 2778 Hoc
914 2707 1010 2778 enim
1034 2731 1100 2778 nec
1121 2707 1279 2802 justum,
1311 2736 1375 2783 nec

307 2816 500 2888 honestum
526 2815 631 2888 nobis
655 2842 728 2889 esse
756 2832 893 2916 posset,
926 2817 1048 2889 sedet
1073 2818 1176 2903 valde
1200 2821 1377 2919 periculo·

308 2955 406 3022 sum,
436 2954 520 3000 curn
548 2929 630 3001 satis
658 2929 932 3024 intelligeremus
960 2929 1143 3025 ingenium
1176 2933 1254 3029 ejus
1284 2935 1374 3032 patri

309 3045 386 3117 lore
402 3060 625 3143 suspectum,
655 3070 721 3118 nec
744 3046 789 3118 de
806 3071 867 3140 eo,
894 3070 1001 3142 quem
1024 3045 1071 3119 ad
1086 3072 1200 3121 novas
1224 3076 1281 3122 res
1296 3075 1373 3123 mo·

307 3159 451 3260 liendas
460 3162 657 3259 proclivem
683 3188 757 3234 esse
779 3161 946 3235 censebat
970 3178 1006 3236 et
1019 3165 1278 3261 cognoscebat,
1293 3170 1374 3243 satis

309 3273 505 3349 confidere.

359 3393 593 3466 Postmodum
614 3418 720 3481 vero,
745 3420 828 3466 cum
847 3396 894 3469 ab
919 3423 994 3470 uno
1015 3380 1131 3471 amico
1147 3400 1373 3475 intellexisse-

310 3537 391 3584 mus
415 3536 534 3611 regem
560 3513 826 3610 inquisitionem
858 3514 971 3587 lacere
1004 3516 1051 3587 ad
1076 3541 1169 3614 quos
1194 3519 1292 3592 idem
1314 3521 1374 3593 filii

311 3629 365 3700 sui
380 3629 515 3727 legatus
540 3630 577 3700 in
603 3632 822 3715 Nornrannia
846 3632 978 3729 litteras
1001 3632 1203 3729 detulisset,
1229 3655 1265 3711 et
1291 3666 1374 3713 cum

311 3745 441 3845 quibus
468 3747 657 3819 secretiora
683 3745 865 3833 habuisset
884 3748 1082 3847 colloquia,
1112 3753 1287 3852 quodque
1312 3784 1375 3857 per

311 3862 505 3936 nonnullos
521 3864 566 3935 de
586 3862 817 3962 primioribus
833 3866 1042 3964 provinciae,
1060 3868 1158 3965 apud
1173 3894 1267 3967 quos
1280 3874 1374 3947 idem

311 3981 456 4052 nuntius
474 3981 603 4073 suerat,
620 3982 750 4053 certior
768 3982 880 4054 factus
906 3981 1020 4056 suerat
1039 3982 1124 4080 quia
1149 3985 1198 4059 ad
1218 4014 1287 4063 nos
1302 3993 1374 4091 epi·

351 4225 381 4282 i.
403 4227 477 4301 voy.
495 4236 516 4283 t.
530 4225 563 4300 1,
577 4243 607 4302 p.
626 4227 695 4283 aaa.
