2946 5070
97 465 155 524 aco
525 468 730 539 ammon,

147 600 258 673 Aliam
271 600 416 699 insuper
426 600 723 674 consuetudinem
739 599 949 695 observant,
968 604 1078 700 quod
1097 623 1176 703 post

95 716 193 790 litem
211 730 460 810 contestatam,
487 717 516 788 si
540 742 647 815 super
666 741 898 816 quocumque
917 717 1103 792 incidenti
1122 723 1175 795 vel

94 835 309 930 emergenti,
335 835 472 907 etiamsi
493 833 581 906 nihil
606 833 655 907 ad
680 835 886 933 principalis
912 837 1053 930 negotii
1082 837 1176 910 deci·

93 952 234 1024 aionem
249 949 466 1048 praejudicet,
484 951 710 1023 interlocutio
724 949 855 1045 judicis
867 967 1077 1050 expetatur,
1099 954 1174 1024 vie·

93 1081 152 1138 tus
172 1092 279 1165 super
305 1067 365 1137 tali
389 1067 586 1138 accessorio
609 1064 740 1164 perdit,
764 1069 1001 1164 quantumvis
1023 1068 1174 1140 evidens

90 1184 150 1283 jus
162 1185 198 1256 in
218 1182 407 1282 principali
421 1180 599 1276 habuerit,
618 1207 762 1256 causam
777 1206 894 1255 suam.
914 1187 968 1255 Ex
988 1209 1068 1281 quo
1082 1210 1173 1282 sape

93 1302 329 1396 contingunt,
345 1301 519 1395 quoniam
533 1302 653 1398 patriae
663 1299 888 1372 consuetudo
905 1325 984 1373 non
999 1304 1172 1400 permittit

93 1419 236 1488 testium
249 1414 483 1514 probationes
493 1415 633 1488 admitti
645 1417 681 1488 in
695 1440 769 1487 uua
782 1439 902 1509 causa,
914 1417 988 1487 nisi
1000 1415 1050 1489 ab
1062 1418 1173 1491 altera

93 1547 194 1633 parte
211 1547 368 1625 tantum,
391 1533 529 1604 etiamsi
550 1546 701 1629 utraque
718 1554 801 1630 pars
815 1531 942 1628 alleget
960 1531 1059 1605 lacta
1076 1537 1173 1632 posi-

92 1652 165 1725 tiva
178 1667 213 1725 et
230 1650 441 1725 affirmativa
457 1650 651 1743 contraria,
669 1662 705 1721 et
719 1672 763 1722 ea
778 1672 816 1720 se
830 1663 928 1747 petat
945 1649 996 1720 ad
1014 1648 1172 1748 proban·

93 1767 181 1840 dum
209 1766 367 1859 admitti,
399 1781 435 1838 et
461 1764 586 1838 offerat
610 1790 674 1862 per
701 1763 854 1837 idoneos‘
875 1778 985 1836 testes
1017 1763 1173 1863 legitime

92 1884 341 1984 probaturam,
357 1907 442 1956 curn
457 1882 717 1979 unusquisque,
732 1878 779 1952 de
791 1881 864 1953 suis
879 1879 1075 1953 confidens
1092 1907 1173 1981 pro·

91 2000 313 2093 bationibus,
331 1998 527 2074 contendat
545 1998 664 2095 potius
678 1995 805 2069 lactaa
822 2020 860 2069 se
876 1996 1047 2093 allegata,
1062 2024 1172 2095 quam

92 2119 297 2209 adversarii,
317 2116 450 2189 debere
465 2115 575 2213 recipi
592 2113 638 2186 ad
654 2110 901 2212 probandum,
917 2127 954 2185 et
974 2140 1088 2213 super
1104 2115 1171 2188 hac

92 2236 336 2323 contentione,
362 2233 431 2304 utri
456 2231 575 2330 potius
599 2229 817 2326 litigatorum
832 2227 1005 2326 probatio
1029 2231 1169 2328 adjudi-

92 2351 167 2423 cari
184 2364 219 2422 et
237 2349 381 2421 decerni
398 2345 541 2435 debeat,
560 2344 753 2441 interloqui
766 2367 830 2442 per
841 2343 1006 2439 judicem
1022 2347 1167 2445 petitur,

92 2465 151 2538 ille
177 2488 244 2562 pro
269 2487 342 2560 quo
370 2461 595 2533 interlocutio
620 2460 730 2532 fertur
759 2458 859 2557 quod
884 2461 1010 2558 potius
1030 2461 1168 2533 admitti

94 2580 223 2653 debeat
248 2580 294 2653 ad
320 2577 549 2677 probandum
578 2576 671 2650 lacta
699 2600 783 2670 sua,
812 2600 877 2674 per
906 2575 980 2649 hoc
1008 2577 1169 2652 obtineat

94 2698 280 2770 victoriam
298 2696 334 2766 in
354 2683 556 2792 principali,
574 2694 681 2765 etiam
698 2691 788 2764 nihil
804 2694 849 2765 de
866 2691 969 2765 sactis
986 2718 1011 2766 a
1031 2720 1070 2766 se
1088 2695 1164 2767 alle·

96 2815 202 2912 gatis,
222 2827 258 2884 et
280 2811 398 2884 forsan
424 2810 547 2882 dolose
568 2822 604 2880 et
625 2808 799 2881 malitiose
818 2807 934 2906 (quod
964 2811 1053 2882 satis
1079 2836 1166 2908 sape

96 2930 173 3003 sieri
193 2927 336 3024 assolet)
361 2925 523 2998 confictis
544 2938 581 2997 et
597 2921 811 3017 adinventis,
835 2924 983 2998 ulterius
999 2925 1168 3025 probatu·

95 3072 169 3119 ms.
196 3045 323 3137 Quod,
344 3043 469 3142 procul
488 3040 616 3130 dubio,
633 3040 736 3114 valde
752 3041 915 3139 iniquum
934 3049 972 3113 et
988 3045 1167 3140 pernicio·

96 3187 176 3233 sum
192 3176 257 3252 est,
278 3159 441 3256 praebens
455 3182 582 3231 ausum
600 3172 636 3228 et
652 3157 718 3228 iter
733 3157 897 3256 aperiens
910 3156 1051 3230 dolosis
1064 3173 1098 3231 et
1110 3183 1166 3229 ca-

96 3276 282 3349 lumniosis
296 3275 478 3347 advocatis
494 3272 747 3345 adinveniendi
761 3288 798 3344 et
812 3273 1049 3369 confingendi
1064 3275 1164 3366 sacta,

97 3421 176 3495 quae
200 3396 351 3491 allegent
380 3394 426 3468 ad
449 3394 698 3492 perimendum
717 3394 809 3468 sacta
826 3419 977 3466 suorum
1001 3395 1166 3468 adversa·

97 3512 233 3584 riorum
258 3525 294 3582 et
317 3510 517 3583 tollendum
544 3511 595 3582 eis
625 3525 731 3607 atque
759 3509 997 3583 auferendum
1025 3512 1168 3610 copiam

97 3627 321 3727 probationis
341 3651 412 3698 suae
430 3628 532 3723 justae
547 3629 754 3700 intentionis
774 3642 810 3700 et
826 3627 1006 3701 sactorum
1022 3631 1168 3702 veritate

99 3743 282 3836 sultorum,
311 3743 356 3817 ad
380 3768 458 3840 quae
485 3743 675 3842 probanda
698 3745 844 3840 minime
870 3770 934 3844 per
957 3745 1168 3843 hujusmodi

98 3862 318 3937 calumniosa
333 3878 538 3935 commenta
555 3863 803 3935 admittuntur.
