2946 5070
333 539 390 595 356
751 531 961 593 aromata.

335 699 352 736 ι(
377 666 473 758 Vidi,
500 696 517 732 n
542 665 658 762 inquit
679 678 821 735 sanctus
844 662 926 756 tob,
949 692 968 730 «
988 664 1148 758 gigantes
1163 687 1314 759 gemere
1339 663 1400 736 sub

332 784 447 881 aquis,
470 811 489 850 >r
508 782 545 853 id
561 796 614 853 est
627 780 694 853 sub
711 804 811 873 cura,
829 779 954 852 labore
968 794 1005 850 et
1017 779 1221 850 innumeris
1237 780 1403 853 sollicitu-

332 899 494 992 dinibus,
517 924 597 996 quae
620 898 817 969 necessario
839 897 1021 969 cohaerent
1039 896 1206 991 regimini
1232 911 1270 967 et
1290 897 1402 969 admi·

330 1015 530 1088 nistrationi
546 1014 788 1113 populorum:
809 1015 966 1110 gigantes
983 1012 1170 1111 appellans
1190 1011 1402 1085 sublimatos

330 1132 367 1202 in
383 1128 626 1227 dignitatibus,
641 1128 772 1226 quibus
785 1154 878 1201 onus
890 1144 927 1200 et
942 1153 1029 1200 cura
1044 1127 1267 1200 incumbunt
1279 1155 1401 1226 regen·

330 1247 461 1320 dorum
478 1248 708 1346 populorum.

379 1368 456 1436 Hoc
474 1378 594 1459 autem
617 1363 721 1435 latius
745 1362 918 1435 hocloco
940 1363 1144 1462 approbare
1169 1363 1278 1451 velle,
1304 1365 1400 1460 quod

329 1480 492 1552 videlicet
506 1480 694 1575 dignitates
709 1479 962 1576 honorumque
977 1481 1238 1578 temporalium
1253 1481 1398 1576 fastigia,

327 1622 388 1668 seu
407 1599 444 1667 in
461 1597 703 1668 ecclesiasticis
721 1620 784 1669 seu
800 1596 837 1666 in
850 1595 1107 1694 temporalibus
1124 1597 1401 1670 administratio

328 1715 453 1808 nibus,
483 1713 732 1786 divitiarumve
761 1729 797 1787 et
822 1728 1043 1786 terrenarum
1070 1739 1187 1814 opum
1219 1716 1400 1789 affluentia

328 1846 435 1928 atque
459 1829 680 1903 abundantia
702 1832 850 1902 minime
874 1829 999 1903 beatos
1022 1829 1202 1921 efficiant,
1233 1857 1399 1930 superra-

328 1973 438 2021 cuum
463 1961 685 2046 reputamus,
710 1972 793 2020 cum
813 1947 885 2019 hoc
901 1948 1048 2046 copiose
1063 1963 1099 2019 et
1118 1949 1399 2021 luculentissime

329 2065 426 2164 apud
453 2062 643 2134 Boethium
667 2062 895 2162 philosophia
916 2064 1081 2136 ostendat
1100 2080 1138 2136 et
1155 2065 1396 2152 demonstret,

328 2181 367 2251 in
401 2176 501 2250 libris
536 2182 589 2249 De
628 2179 873 2251 consolatione
910 2178 1171 2278 philosophiae3
1219 2182 1399 2279 multoque

327 2297 436 2368 etiam
460 2295 600 2392 plenius
624 2310 730 2394 atque
754 2295 901 2368 uberius
919 2296 965 2369 de
984 2296 1112 2369 eadem
1129 2322 1169 2369 re
1184 2299 1398 2398 perpulchre

192 2440 207 2460 ·
328 2411 503 2484 disserens
520 2413 690 2506 Poggius,
710 2429 832 2486 orator
850 2414 1059 2486 florentinus
1080 2417 1197 2487 nostri
1218 2418 1395 2516 temporis,

327 2529 365 2599 in
383 2526 478 2598 libro
501 2551 609 2624 quem
630 2527 742 2600 edidit
761 2533 814 2600 De
837 2530 1039 2603 infelicitate
1059 2530 1286 2630 principum.
1309 2533 1397 2621 Quid

327 2645 426 2715 enim
458 2642 555 2716 aliud
593 2659 728 2715 canunt
762 2660 923 2718 veterum
954 2647 1165 2745 conscriptae
1199 2648 1393 2745 tragoediae‚

327 2760 415 2858 quid
445 2759 624 2852 historiae,
652 2785 741 2858 quas
770 2761 815 2834 de
845 2763 1033 2834 illustrium
1063 2765 1231 2835 virorum
1264 2764 1395 2838 casibus

329 2878 559 2977 quamplures
573 2892 709 2950 veteres
723 2881 1008 2977 recentioresque
1021 2878 1308 2980 historiographi
1318 2907 1395 2953 con·

328 2996 560 3093 scripserunt,
598 3018 708 3091 quam
740 2995 897 3068 infelices
934 2998 1154 3092 miserosque
1186 3014 1224 3070 et
1254 2999 1394 3071 calami·

331 3123 427 3182 tosos
443 3112 558 3183 exitus
580 3135 707 3183 eorum
723 3113 786 3209 qui
803 3113 965 3186 maximis
982 3114 1179 3212 aliquando
1196 3117 1304 3214 potiti
1320 3130 1394 3187 sunt

329 3225 556 3300 honoribus?

379 3347 430 3415 Ex
454 3347 586 3443 quibus
611 3347 748 3444 liquido
773 3363 809 3419 et
832 3347 1016 3421 evidenter
1041 3351 1182 3423 cunctis
1214 3355 1336 3451 palam
1360 3351 1393 3423 fit

331 3459 431 3554 quod
458 3465 638 3536 neminem
665 3464 872 3562 hujusmodi
898 3464 1056 3539 honores
1078 3482 1187 3564 atque
1211 3469 1394 3566 dignitates

331 3574 477 3649 beatum
491 3578 664 3672 efficiunt,
679 3581 744 3656 sed
756 3585 896 3679 magnis
909 3586 1028 3682 potius
1041 3610 1171 3659 eorum
1181 3612 1395 3686 possessores

330 3693 515 3792 implicant
532 3712 639 3793 atque
656 3698 909 3772 molestissimis
932 3702 1042 3795 curis,
1066 3718 1102 3776 et
1122 3703 1394 3804 frequentiusin

332 3812 505 3891 maximas
518 3814 738 3894 infelicitates
755 3834 791 3891 et
804 3808 961 3893 miserias
977 3819 1187 3896 detrudunt.
