2946 5070
207 458 265 515 ns
630 456 837 527 meroen,

207 589 324 686 ipsum
338 586 527 659 dominum
539 586 585 658 de
601 587 795 683 Charoloys
812 585 1004 679 adivimus,
1024 611 1138 684 quem
1156 589 1193 661 in
1215 614 1270 660 ex·

206 703 388 802 peditione
403 702 545 774 militari
562 699 730 775 adversus
744 701 892 776 stolidos
903 718 939 775 et
954 702 1161 800 soedisragos
1178 704 1273 776 Ebu·

206 844 313 893 nones
323 824 347 912 ¹,
363 821 401 893 in
415 819 589 918 oppidulo
605 818 931 892 Sancti-Trudonis¹
947 820 1166 908 invenimus,
1186 838 1273 892 tunc

209 952 373 1035 agentem
397 950 480 1009 'cum
508 938 642 1033 ingenti
671 962 855 1010 armorum
881 936 1020 1034 fragore
1045 951 1083 1009 et
1107 940 1271 1037 strepitu.

210 1053 382 1125 cuicum
409 1053 596 1149 legationis
620 1068 748 1125 nostrae
764 1078 887 1127 causas
901 1055 1184 1152 aperuissemus,
1212 1054 1276 1126 be·

210 1171 361 1266 nignum
376 1169 523 1266 quidem
533 1185 568 1241 et
578 1168 800 1242 humanitate
812 1169 1000 1243 conditum
1011 1168 1119 1244 nobis
1128 1196 1278 1270 respon·

210 1311 290 1359 sum
304 1286 409 1378 lecit,
428 1301 574 1384 propter
598 1287 783 1385 praesentia
806 1285 874 1359 sibi
896 1286 1173 1386 impedimenta,
1196 1313 1278 1386 quae

211 1402 277 1499 ipsi
305 1425 429 1474 coram
461 1401 702 1493 intuebamur,
729 1403 775 1475 de
806 1404 989 1476 nonnullis
1014 1428 1095 1502 quae
1116 1405 1277 1504 postula-

210 1515 343 1589 bantur
374 1518 639 1592 excusationem
667 1518 838 1612 atterens3
871 1519 941 1594 alia
967 1544 1056 1592 vero
1086 1520 1274 1617 quaedam,

210 1633 342 1731 quibus
364 1635 425 1708 illa
447 1661 512 1709 sua
534 1661 688 1735 praesens
707 1661 891 1709 armorum
911 1639 1102 1737 occupatio
1124 1638 1277 1737 impedi·

209 1765 332 1823 mento
349 1751 424 1824 sore
443 1753 589 1824 minime
606 1751 806 1845 videbatur,
824 1776 988 1826 annuens
1011 1767 1049 1827 et
1070 1754 1277 1826 concedens

209 1870 331 1942 animo
349 1886 518 1970 prompto
537 1884 573 1941 et
590 1869 723 1943 volenti
736 1871 759 1939 ⁸.

210 2040 315 2119 champ
330 2053 358 2100 et
370 2041 475 2102 cardin
489 2042 539 2102 des
551 2045 670 2115 tssars,
683 2053 713 2101 et
727 2040 829 2123 depuis
842 2062 896 2122 par
912 2043 1048 2103 tererent
1063 2043 1134 2122 pere
1151 2063 1189 2102 en
1202 2042 1275 2102 Dieu

210 2133 356 2212 l'eresque
369 2134 405 2192 de
417 2136 545 2198 Iisieux.
559 2161 573 2188 υ
585 2140 776 2209 (Documents
787 2136 903 2210 inedits,
914 2139 1076 2214 Melanges,
1089 2150 1111 2198 t.
1124 2134 1166 2208 ll,
1176 2158 1206 2216 p.
1219 2139 1276 2196 tas

210 2241 240 2287 et
258 2233 347 2302 til.)
368 2231 393 2288 11
411 2250 430 2306 y
446 2249 464 2288 a
479 2231 563 2309 plus;
582 2230 625 2290 les
641 2231 828 2291 instructions
847 2231 886 2290 de
906 2234 1015 2289 anet
1034 2231 1072 2289 de
1088 2232 1277 2311 longchamp

210 2341 285 2380 nous
297 2334 348 2380 ont
363 2323 408 2379 ete
428 2323 609 2384 conservies.
628 2326 676 2385 On
686 2343 708 2402 y
720 2325 783 2384 voit
798 2342 857 2403 que
870 2322 976 2385 cardin
988 2324 1040 2383 des
1053 2328 1167 2383 Essarts
1182 2325 1277 2383 l’arait

210 2415 333 2493 precede
351 2417 501 2477 lui-meme
513 2421 618 2497 aupres
631 2417 672 2479 du
688 2432 783 2480 comte
801 2418 838 2477 de
853 2418 1000 2480 Charonis
1015 2423 1069 2492 (D.
1085 2421 1213 2490 llon'ce,
1229 2439 1274 2497 pr.

211 2508 386 2566 al‘Ht'stoe'rc
399 2512 435 2566 de
448 2514 606 2587 Balagrae,
622 2526 644 2573 t.
658 2514 723 2588 ΠΙ,
738 2532 769 2592 p.
785 2515 870 2585 125).
895 2511 976 2571 Ainsi
989 2511 1031 2569 les
1045 2511 1116 2569 trois
1129 2509 1274 2571 ambassa-

212 2601 297 2661 deurs
310 2603 470 2663 arriverent
487 2608 505 2663 it
520 2605 584 2664 leur
596 2605 768 2666 destination
789 2604 850 2665 l'un
868 2607 953 2684 apres
972 2605 1092 2678 l’autre‚
1107 2625 1175 2664 sans
1191 2605 1275 2665 doute

212 2717 287 2776 pour
300 2711 427 2776 tromper
437 2696 467 2757 la
480 2700 670 2760 surreillanoe
682 2699 733 2760 des
745 2701 861 2778 espions
874 2700 910 2758 de
923 2700 1010 2761 nouis
1023 2703 1077 2760 XI.

253 2794 282 2850 l.
305 2796 360 2850 Les
373 2793 514 2871 liegeois.

252 2887 283 2947 2.
305 2884 488 2949 saint-Trou.
968 2959 974 2966 ι

254 2983 282 3037 3.
304 2985 359 3038 Les
374 2967 559 3039 instructions
573 2980 701 3040 dressees
714 3001 789 3062 pour
803 2985 910 3041 Brunet
925 2979 961 3040 de
972 2979 1163 3061 longchamp
1180 2993 1275 3038 conte-

212 3073 310 3138 naient
322 3074 390 3151 cinq
401 3075 513 3133 articles
529 3098 536 3131 z
557 3079 588 3133 1ο
602 3075 682 3134 Pn'er
696 3075 723 3134 le
736 3088 831 3135 comte
842 3075 879 3134 de
891 3074 1039 3136 Charolais
1048 3074 1086 3133 de
1099 3074 1171 3133 saire
1185 3072 1277 3152 parler

213 3187 251 3225 au
267 3166 310 3224 roi
326 3187 361 3224 cn
375 3169 476 3226 saveur
490 3169 530 3227 du
544 3168 601 3227 duc
614 3168 651 3225 de
666 3152 857 3239 Nortiiandie3
873 3168 1044 3247 2⁰requerir
1056 3188 1111 3227 sou
1125 3168 1276 3228 assistance

213 3262 322 3332 annee,
335 3260 406 3318 dans
422 3262 449 3321 le
460 3281 508 3320 cas
524 3265 563 3321 οὺ
576 3262 605 3321 la
618 3261 795 3320 Normandie
809 3262 895 3320 serait
907 3261 1044 3332 enrahie3
1062 3264 1093 3319 3⁰
1102 3261 1144 3321 lui
1158 3261 1277 3318 deman·

213 3351 266 3410 der
282 3352 526 3412 immc'diatcment
540 3355 609 3412 trois
625 3367 706 3412 cents
723 3354 820 3413 lances
837 3354 984 3430 soumies3
1005 3357 1037 3413 11⁰
1051 3353 1152 3413 tricher
1170 3353 1278 3412 d'aroir

214 3444 250 3502 de
265 3445 319 3519 lui,
337 3449 354 3504 i
370 3446 435 3505 titre
450 3447 487 3506 de
502 3451 584 3527 pret,
602 3467 660 3507 une
670 3467 780 3506 somme
796 3448 832 3506 de
845 3460 985 3524 quarente
1000 3451 1016 3505 l
1029 3447 1188 3525 cinquante
1203 3447 1278 3505 mille

214 3539 299 3609 ecus;
324 3544 354 3597 5⁰
367 3541 445 3598 enfin
461 3541 488 3600 le
503 3540 609 3600 sonder
628 3562 704 3620 pour
723 3542 819 3600 sarcir
835 3541 878 3599 s’it
898 3541 1083 3601 consentirait
1099 3561 1137 3600 au
1154 3541 1278 3618 mariage

214 3631 250 3691 de
266 3652 298 3690 sa
313 3632 371 3690 fille
385 3653 456 3692 avec
474 3633 502 3692 le
518 3634 576 3692 duc
590 3635 627 3693 de
646 3628 834 3705 normandis,
850 3635 976 3714 mariage
993 3633 1065 3693 dont
1082 3635 1104 3692 il
1124 3635 1222 3694 derait
1239 3633 1278 3690 lui

213 3727 296 3785 avoir
312 3728 357 3786 etc
371 3727 436 3800 <teja
451 3727 493 3786 dit
506 3730 632 3806 quelque
647 3729 734 3787 chose
751 3732 805 3802 (Ι).
821 3728 946 3800 llorice,
964 3728 985 3786 l.
1004 3734 1056 3803 c.).
1072 3729 1097 3790 Il
1113 3742 1156 3788 est
1171 3727 1277 3786 certain

214 3842 272 3898 que
287 3821 314 3879 le
330 3834 425 3879 comte
441 3820 476 3878 de
495 3821 642 3881 Charolais
660 3822 769 3900 deputa
787 3820 1032 3885 immediatement
1047 3841 1115 3881 vers
1134 3822 1223 3881 Iouis
1236 3822 1279 3877 xl

214 3915 265 3974 des
281 3917 408 3993 envoyes
425 3914 496 3974 dont
515 3935 589 3974 nous
611 3935 701 3974 avons
721 3915 763 3974 les
785 3913 883 3973 lettres
902 3914 938 3972 dc
958 3915 1095 3988 metune,
1118 3914 1217 3979 datees
1240 3911 1279 3970 du

214 4013 254 4068 tt
271 4010 385 4084 janvier
411 4005 508 4084 ttoo',
535 4022 563 4068 et
586 4009 659 4069 dans
683 4028 733 4069 ces
753 4008 850 4068 lettres
876 4009 906 4069 le
930 4021 1025 4069 comte
1045 4009 1109 4087 prie
1133 4009 1162 4068 le
1180 4009 1226 4069 roi
1243 4005 1279 4065 de

216 4124 233 4155 e
245 4103 372 4182 prendre
380 4124 432 4161 son
448 4104 518 4183 petit
533 4104 614 4163 advis
627 4123 665 4162 au
680 4103 731 4167 tait
742 4103 780 4162 de
793 4107 868 4181 llgr.
883 4103 921 4161 de
934 4102 1120 4162 normannie.
1135 4128 1150 4156 ι
1167 4107 1278 4175 (noeu-

215 4207 307 4253 ments
326 4196 444 4269 incdits,
462 4201 632 4274 Metam,
652 4209 674 4254 t.
691 4199 737 4270 n,
753 4216 784 4275 p.
803 4199 892 4270 tat.)
907 4195 987 4254 (ἀι
1004 4196 1032 4254 tt
1048 4215 1116 4255 sans
1135 4195 1224 4255 doute
1246 4212 1278 4252 ee
