2946 5070
197 494 256 551 2th
626 490 829 555 scomma,

196 639 232 696 et
261 651 334 697 nou
362 628 444 698 satis
478 625 675 697 secundum
702 627 885 697 scientiam
916 624 1197 715 ostenderimus,
1226 639 1265 695 ut

196 740 349 837 proinde
364 742 469 839 culpa
486 742 659 812 nonnulla
678 741 839 812 humano
864 764 965 809 more
984 737 1090 810 nobis
1113 739 1265 837 impingi

198 857 306 953 possit
321 856 421 953 quod
435 856 481 928 ad
496 856 589 928 hanc
602 856 896 954 peregrinationis
911 869 947 925 et
960 853 1129 926 absentiae
1141 878 1264 925 neces·

197 973 336 1045 sitatem
361 974 648 1071 pervenerimus,
669 971 846 1071 supplices
862 971 906 1041 de
929 969 985 1041 his
999 971 1123 1041 erratis
1138 984 1176 1041 et
1187 971 1264 1042 aliis

198 1090 326 1160 nostris
348 1088 632 1185 quibuscumque
658 1112 679 1158 a
700 1086 1029 1157 misericordissimo
1052 1099 1088 1157 et
1105 1084 1265 1156 clemen-

198 1202 331 1272 tissimo
350 1206 451 1274 Patre
476 1203 616 1273 veniam
642 1203 795 1299 petimus
815 1216 851 1271 et
872 1224 1081 1298 precamur3
1104 1200 1264 1297 aliosque

198 1343 364 1414 rogamus
379 1319 426 1389 ad
441 1343 595 1415 quorum
613 1319 732 1390 forsan
751 1342 879 1418 manus
904 1316 1045 1389 libellus
1059 1318 1124 1388 iste
1146 1317 1265 1412 legen·

198 1433 265 1504 dus
285 1457 471 1504 occurrere
497 1433 673 1529 potuerit,
692 1448 732 1503 ut
752 1433 797 1504 ad
812 1432 977 1504 eamdem
994 1456 1016 1503 a
1035 1436 1111 1505 Deo
1133 1447 1171 1503 et
1191 1435 1265 1503 Do·

198 1549 297 1618 mino
323 1564 445 1619 nostro
468 1552 552 1619 lesu
578 1548 718 1620 Christo
743 1549 886 1620 veniam
913 1547 1176 1646 impetrandam
1199 1573 1266 1620 nos

198 1664 266 1759 piis
286 1663 358 1734 suis
376 1661 542 1761 precibus
559 1677 594 1732 et
613 1658 840 1735 orationibus
853 1663 976 1757 juvare
991 1663 1115 1734 velint.

248 1782 463 1874 Quanquam
484 1779 581 1849 enim
607 1778 704 1851 nulla
726 1779 883 1849 criminis
908 1779 1125 1850 conscientia
1143 1780 1266 1850 stimu-

197 1894 314 1965 lemur
337 1894 597 1995 propterquod
615 1891 719 1966 tale'm
737 1895 990 1990 indignationis
1014 1893 1174 1966 furorem
1187 1896 1266 1991 jure

199 2014 397 2109 meritoque
429 2012 643 2084 succendere
677 2009 922 2102 debuerimus,
958 2009 1135 2106 nobisque
1178 2010 1267 2083 nihil

199 2129 333 2198 conscii
349 2127 502 2225 proinde
521 2128 647 2217 simus,
664 2141 868 2197 nontamen
884 2141 1073 2223 propterea
1085 2125 1185 2224 apud
1198 2126 1268 2198 dis·

199 2241 291 2312 tricti
308 2264 456 2311 examen
466 2240 596 2335 judicis
612 2265 678 2311 nos
692 2239 901 2336 justificatos
915 2240 991 2311 fore
1002 2243 1264 2340 praesumimus,

200 2383 262 2429 seu
276 2371 483 2452 arroganter
495 2357 704 2429 innocentes
720 2374 755 2430 et
771 2356 1003 2456 inculpabiles
1020 2360 1057 2429 in
1073 2358 1146 2430 hoc
1164 2360 1267 2432 fuisse

200 2474 255 2544 vel
281 2499 355 2545 esse
381 2473 515 2568 jactare
543 2474 728 2545 audemus.
764 2475 852 2561 Quis
877 2474 972 2544 enim
1001 2474 1215 2569 gloriabitur
1230 2500 1267 2547 se

200 2605 335 2662 castum
360 2613 422 2660 cor
442 2587 593 2680 habere,
617 2605 679 2660 aut
701 2591 780 2685 quis
802 2603 917 2687 potest
941 2589 1089 2660 dicere:
1111 2591 1267 2662 mundus

200 2732 279 2778 sum
298 2730 320 2776 a
338 2705 512 2803 peccato?
534 2735 550 2769 <t
572 2704 752 2800 Numquid
769 2706 888 2776 bomo¹
907 2706 970 2775 Dei
997 2707 1267 2802 comparatione

196 2822 458 2919 justificabitur,
473 2835 535 2893 aut
551 2820 682 2892 factore
699 2845 763 2891 suo
778 2822 901 2918 purior
918 2821 984 2892 erit
996 2820 1071 2891 vir?
1086 2848 1105 2886 n
1124 2824 1167 2891 Et
1184 2846 1270 2918 que·

201 2938 434 3010 madmodnm
452 2937 488 3006 in
506 2936 598 3007 libro
620 2935 748 3006 eodem
766 2934 835 3006 Job
856 2936 1004 3031 legimus
1023 2962 1032 3005 ι
1052 2939 1181 3006 «Ecce
1206 2936 1268 3031 qui

200 3055 357 3124 serviunt
369 3055 419 3140 ei,
438 3051 579 3123 stabiles
596 3076 669 3122 non
685 3066 785 3142 sunt,
801 3067 837 3122 et
853 3053 890 3122 in
904 3052 1036 3147 angelis
1050 3052 1124 3123 suis
1138 3053 1268 3149 reperit

200 3170 430 3265 pravitatem:
448 3183 583 3263 quanto
601 3167 712 3260 magis
729 3164 793 3263 [hi]
808 3167 869 3261 qui
886 3166 1049 3237 habitant
1064 3166 1196 3238 domos
1211 3168 1268 3238 lu-

200 3298 286 3375 teas,
304 3285 365 3379 qui
384 3297 563 3354 terrenum
579 3282 714 3353 habent
728 3281 1017 3374 fundamentum,
1031 3284 1268 3354 comedentur

202 3399 297 3469 velut
311 3422 331 3468 a
347 3396 459 3469 tinea!
478 3398 620 3488 »·Unde,
633 3399 714 3468 licet
731 3397 826 3468 idem
839 3413 980 3469 sanctus
989 3400 1044 3468 vir
1056 3400 1268 3470 excellenter

201 3517 239 3585 in
256 3517 435 3613 Scriptura
451 3516 721 3587 commendetur
735 3516 833 3611 quod
851 3517 954 3586 fucrit
969 3516 1117 3614 simplex
1135 3534 1171 3590 et
1188 3544 1268 3589 rec·

202 3648 270 3724 tus,
287 3633 413 3704 timens
427 3638 542 3704 Deum
560 3648 594 3703 et
607 3633 775 3707 recedens
792 3658 813 3704 a
828 3635 936 3723 malo,
953 3635 1129 3730 nobisque
1141 3638 1267 3732 singu-

201 3749 276 3820 lare
290 3750 491 3845 exemplum
506 3749 663 3843 justitiae,
683 3748 763 3819 srdei
781 3773 822 3821 ac
836 3751 1012 3846 patientiae
1026 3768 1264 3850 proponatur,

202 3878 333 3953 tamen,
348 3864 394 3935 de
411 3888 474 3935 sua
488 3864 634 3934 minime
652 3889 868 3962 praesumens
880 3865 1032 3960 justitia,
1047 3867 1135 3938 dicit
1151 3893 1188 3938 se
1207 3894 1266 3939 ve-

202 3983 269 4056 reri
287 3983 409 4052 omnia
422 4002 530 4079 opera
545 4005 620 4052 sua.
637 4011 653 4045 t(
671 3981 751 4051 Etsi
766 4005 836 4072 me,
853 4010 870 4048 >2
886 3982 1017 4078 inquit,
1039 4013 1056 4049 α
1073 3983 1267 4079 justificare

201 4100 367 4188 voluero,
387 4123 428 4169 os
454 4122 575 4169 meum
591 4096 847 4168 condemnabit
874 4123 957 4190 me;
989 4098 1018 4170 si
1034 4098 1266 4173 innocentem

202 4217 412 4306 ostendero,
442 4239 591 4312 pravum
619 4237 676 4282 me
701 4211 974 4311 comprobabit3
1006 4216 1088 4287 etsi
1119 4216 1267 4314 simplex
