2946 5070
626 503 735 559 LIBER
759 501 910 594 SEXTUS,
1260 508 1297 562 77

233 636 273 707 in
297 635 448 731 longum
472 636 523 706 cis
542 636 757 733 permansit3
777 647 862 706 itam
880 635 1103 733 paulopost,
1122 658 1206 705 cum
1223 635 1295 707 dur

232 751 398 840 nustriae,
428 749 625 824 Hollandiae
654 751 838 850 princeps,
872 749 910 819 in
937 749 1163 823 Hollandiam
1193 752 1296 848 traje-

231 867 359 938 cisset¹
378 890 461 937 cnm
482 867 598 966 parvis
620 866 817 939 admodum
838 865 967 966 copiis,
985 866 1140 938 exterriti
1160 868 1297 964 Trajec·

233 995 363 1073 tenses,
382 1005 474 1078 quos
490 981 627 1053 exsules
644 1006 766 1055 secum
781 979 1015 1074 adduxerant,
1035 997 1070 1054 et
1086 1008 1160 1054 non
1178 983 1296 1055 minus

231 1095 281 1171 ab
305 1096 379 1189 his,
414 1095 547 1193 quide
577 1097 725 1170 adversa
756 1096 915 1170 factione·
930 1114 1032 1171 erant
1064 1099 1100 1170 in
1129 1100 1292 1197 oppidu,

230 1236 343 1310 quarn
366 1236 389 1284 a
412 1211 582 1310 principis
610 1211 794 1284 invasione
817 1206 1068 1307 formidantes,
1095 1216 1294 1311 Trajectum

228 1352 316 1400 cum
339 1327 458 1427 praeda
485 1351 594 1423 quarn
618 1325 792 1431 fecerant,
823 1327 1051 1428 repedarunt.
1080 1335 1124 1400 Et
1152 1331 1201 1401 sic
1226 1357 1293 1429 op·

227 1443 358 1543 pidum
377 1448 414 1516 in
430 1445 615 1545 pristinam
639 1443 840 1519 libertatem
858 1443 927 1519 sub
949 1447 1122 1545 principis
1146 1471 1294 1520 manum

226 1582 273 1634 ac
297 1575 509 1660 potestatem
536 1575 717 1661 receptum
743 1560 816 1655 est',
844 1561 963 1658 ejectis
993 1578 1055 1635 aut
1079 1563 1294 1658 fugientibus

224 1674 319 1767 itus,
338 1677 453 1774 quiin
472 1675 561 1750 illud
577 1675 722 1748 fortuito
735 1678 746 1712 ¹
760 1676 973 1775 irruperant.
1057 1718 1059 1723 π

573 1951 830 2021 CAPITULUM
854 1951 946 2018 XXi.

223 2148 374 2218 Quomodo
386 2149 512 2204 dominus
522 2149 557 2203 de
569 2149 710 2222 Egmunda
721 2149 891 2204 Dordracum
900 2150 1011 2221 subegit,
1022 2151 1221 2205 Hoeckcnribur
1228 2153 1291 2208 inde

258 2236 359 2309 polein
370 2248 396 2289 et
409 2234 443 2289 de
454 2234 565 2289 decretis
574 2246 600 2289 et
609 2233 739 2290 mandatis
748 2234 824 2288 ducis
832 2236 943 2289 nustria
954 2249 1046 2290 contra
1053 2236 1258 2308 Trajectenres⁸,

224 2380 246 2509 ἰ
272 2403 371 2475 Juvit
387 2403 472 2475 huic
492 2403 682 2501 heydensis
696 2401 820 2500 oppidi
836 2403 1097 2500 recuperationi
1118 2429 1191 2475 non
1212 2431 1291 2477 mo-

223 2512 360 2608 dicum,
376 2520 475 2617 quod
489 2521 556 2591 illis
572 2518 698 2591 diebus
708 2518 856 2613 contigit
869 2519 906 2589 in
921 2519 1057 2617 oppido
1069 2521 1255 2593 Dordraco
1264 2527 1287 2593 ⁸.

224 2636 314 2708 Nam
330 2661 415 2707 curn
432 2635 524 2707 illius
540 2635 610 2707 loci
630 2636 724 2706 cives
739 2650 775 2706 et
792 2627 955 2705 rectores¹
965 2633 1011 2706 ab
1024 2637 1179 2733 antiqno
1194 2632 1291 2711 velut

223 2750 334 2825 duces
368 2777 411 2825 ac
438 2753 624 2851 primiores
650 2752 805 2850 partium
836 2750 1098 2824 Hoeckensium
1129 2752 1291 2827 factionis

224 2865 329 2941 titisse
347 2883 560 2959 asserantur,
585 2892 714 2965 easque
732 2880 850 2965 partes
868 2867 1148 2965 pertinacissimo
1167 2871 1289 2942 animo

223 2988 418 3060 retinerent
443 3001 549 3082 atque
573 2986 758 3079 foverent,
784 2977 964 3056 trahentes
992 2985 1038 3057 ad
1061 3011 1098 3058 se
1119 3011 1161 3059 ac
1188 2988 1288 3085 pelli·

223 3101 357 3174 cientes
385 3102 440 3173 νε]
470 3099 691 3191 terroribus,
721 3098 776 3170 vel
809 3097 991 3172 blanditiis
1015 3116 1122 3198 atque
1154 3103 1289 3173 suasio·

223 3216 349 3311 nibus,
369 3216 492 3315 quoad
508 3231 692 3315 poterant,
713 3215 782 3288 alia
798 3217 919 3314 patriae
935 3218 1093 3315 oppida,
1118 3219 1287 3318 pleraque
1321 3273 1325 3279 ·

219 3332 294 3427 jam
319 3333 368 3405 ab
392 3333 479 3405 olim
499 3357 542 3405 ex
567 3333 652 3430 ipsis
669 3332 722 3404 ad
742 3357 846 3403 suum
872 3358 1087 3405 consensum
1112 3336 1286 3432 perduxe-

223 3465 303 3523 rant
325 3451 448 3546 (velnti
476 3450 651 3548 oppidum
673 3448 719 3519 de
744 3448 894 3542 Gouda,
922 3451 1170 3543 Sconoviam⁸,
1200 3456 1285 3524 ttot-

223 3567 424 3640 terdamum
453 3582 489 3639 et
516 3569 585 3639 alia
615 3566 789 3638 nonnulla
819 3566 921 3659 loca,
953 3569 991 3639 in
1018 3570 1150 3666 quibus
1179 3571 1284 3644 sactio

261 3788 291 3842 1.
315 3781 445 3840 Pendant
457 3781 485 3840 ie
496 3783 610 3840 carerne
623 3779 658 3837 de
673 3780 730 3837 l'an
748 3781 837 3837 tuat.
856 3780 985 3853 Molinet,
1000 3794 1021 3839 t.
1037 3786 1081 3855 11,
1096 3781 1144 3842 ch.
1158 3803 1261 3841 rxvrn.

261 3881 290 3937 Ξ.
314 3881 384 3948 ns,
399 3879 527 3952 fortune,¹
545 3875 660 3946 Manu,
676 3877 758 3950 forre.

261 3975 290 4030 3.
313 3971 447 4050 Chapitre
466 3970 599 4049 imprime
618 3969 689 4028 dans
712 3969 753 4025 les
774 3972 913 4025 Analecta
936 3968 972 4026 de
992 3971 1141 4030 Matthaeus
1165 3985 1192 4030 et
1212 3972 1282 4032 (lans

224 4064 424 4142 l’Amplissima
435 4070 570 4124 collectio·

261 4162 288 4219 ¹1.
312 4159 484 4219 Dordrecht.

262 4256 289 4310 5.
312 4251 493 4313 schoonove.
