2946 5070
677 280 736 341 ,ἢ
848 242 899 309 l
926 288 948 309 ²·

287 486 344 543 ne
533 480 873 571 troicum-unm
890 480 1103 543 smmnus.

286 620 386 717 pium
403 616 632 688 indultorem.
652 614 745 690 Nam
755 638 876 713 neque
891 639 970 708 nos,
992 630 1032 686 ut
1047 615 1090 686 in
1108 613 1271 686 exordio
1288 614 1368 686 d'ui·

285 758 384 825 mus,
409 757 454 804 eo
471 732 658 828 lugente,
679 754 839 829 unquam
865 733 914 805 ita
936 731 1122 805 temerarii
1151 733 1294 804 erimus
1317 747 1366 817 ut,

285 847 592 946 quemadmodum
608 848 646 918 in
662 848 739 920 aliis
755 847 888 941 multis,
906 849 1005 920 itaet
1021 850 1059 921 in
1084 848 1147 919 his
1167 848 1218 919 de
1235 847 1368 945 quihus

284 967 482 1056 retulimus,
510 990 576 1037 nos
602 964 690 1037 nihil
716 988 849 1037 errasse
865 988 928 1036 scu
945 964 1144 1063 deliquisse
1166 966 1294 1038 dicere
1310 982 1368 1038 aut

281 1086 415 1183 jactare
431 1107 697 1183 praesumamus.
718 1082 788 1154 Sed
804 1082 876 1154 hoc
891 1082 1103 1154 consolatur
1121 1108 1193 1154 nos
1214 1083 1368 1156 maxime

285 1202 384 1303 quod
400 1201 561 1275 Salvator
581 1214 701 1271 noster
728 1199 825 1269 venit
847 1199 883 1268 in
905 1198 1002 1271 hunc
1026 1198 1218 1271 mundum
1240 1223 1368 1271 vocare

284 1344 359 1392 non
371 1318 498 1415 justos,
517 1315 579 1387 sed
596 1329 815 1413 peccatores,
834 1339 1062 1412 qtraerereque
1085 1331 1124 1386 et
1149 1317 1298 1388 salsum
1320 1316 1337 1386 s
1352 1358 1367 1369 ·

285 1460 365 1508 cere
378 1432 477 1529 quod
490 1433 655 1531 perierat.
677 1431 786 1520 Quod
801 1430 927 1504 beatus
941 1431 1069 1503 Paulus
1083 1431 1249 1530 pulchre
1269 1458 1368 1504 com·

286 1533 474 1640 mendans,
492 1552 539 1626 ad
560 1578 661 1652 spem
678 1552 882 1625 obtinendae
900 1553 1012 1625 veniae
1038 1567 1073 1624 et
1094 1553 1369 1651 propitiationis

285 1669 445 1745 dandam
465 1669 714 1768 peccatoribus
735 1695 743 1738 :
768 1700 784 1736 u
803 1667 969 1741 Fidelis»
997 1669 1115 1764 inquit
1147 1696 1165 1737 n
1189 1694 1315 1740 sermo
1337 1685 1369 1742 et

287 1788 387 1860 omni
405 1786 612 1885 acceptione
637 1785 780 1881 dignus,
803 1785 888 1882 quia
910 1788 1010 1857 lesus
1029 1784 1197 1856 Christus
1214 1787 1317 1857 venit
1335 1789 1368 1857 in

286 1905 385 1977 hunc
411 1903 589 1976 mundum
613 1917 818 2001 peccatores
846 1902 962 1974 salvos
994 1900 1134 1988 lacere3
1163 1931 1181 1968 u
1209 1927 1369 1999 quorum

287 2022 395 2094 etiam
412 2045 449 2092 se
469 2021 627 2118 primum
646 2019 747 2091 lateri
763 2042 837 2090 non
855 2017 1043 2091 erubescit.
1071 2022 1113 2087 Et
1131 2018 1181 2090 ad
1199 2020 1368 2092 eamdem

287 2162 389 2239 spem
420 2139 580 2210 similiter
607 2137 732 2209 heatus
757 2136 938 2208 lohannes
965 2157 1203 2232 promovens,
1237 2136 1277 2207 in
1308 2163 1368 2210 sua

288 2256 405 2355 prima
418 2255 593 2329 canonica
608 2254 658 2326 ait
674 2281 682 2323 :
706 2250 851 2325 «Filioli
866 2253 937 2324 mei
952 2282 970 2318 »
986 2251 1104 2348 inquit
1120 2279 1141 2319 «
1160 2251 1238 2323 hoc
1250 2254 1368 2327 scribo

288 2368 407 2465 vobis,
426 2386 557 2444 utnon
572 2370 737 2468 peccetis.
760 2369 884 2441 Sedet
904 2368 934 2440 si
955 2369 1035 2466 quis
1056 2371 1286 2466 peccaverit,
1308 2372 1368 2444 ad-

288 2500 460 2563 vocatum
477 2484 655 2560 habemus
673 2484 771 2583 apud
791 2500 930 2584 patrem
951 2488 1071 2556 Jesum
1088 2484 1279 2558 Christum
1296 2490 1367 2584 jus-

289 2622 382 2701 tum,
407 2605 538 2707 etipse
554 2615 607 2679 est
626 2603 833 2703 propitiatio
849 2628 915 2703 pro
939 2603 1092 2700 peccatis
1109 2605 1268 2693 uostris;
1294 2632 1367 2677 nou

289 2748 358 2827 pro
381 2724 647 2799 coronantem
664 2735 817 2813 tantum,
842 2720 904 2790 scd
925 2720 1033 2791 etiam
1050 2720 1162 2790 totius
1178 2722 1324 2793 mundi.
1349 2752 1365 2790 n

291 2846 412 2933 Quum
433 2857 474 2915 ut
492 2839 538 2914 ab
561 2839 637 2935 ejus
653 2837 810 2936 piissima
827 2835 1068 2908 misericordia
1090 2838 1236 2934 assequi
1260 2854 1297 2910 et
1320 2841 1368 2910 di-

292 2984 382 3058 gnos
411 2983 515 3058 agere
549 2955 763 3055 poenitentiae
793 2953 939 3045 fructus,
960 2951 1047 3024 dum
1074 2950 1200 3024 adhuc
1229 2956 1267 3025 in
1298 2955 1367 3027 hoc

291 3075 434 3147 mortali
455 3072 723 3172 peregrinamur
746 3093 911 3168 corpore,
937 3067 1136 3161 valeamus,
1158 3070 1238 3168 ipse
1262 3070 1369 3143 nobis

292 3194 486 3265 clementer
505 3187 660 3260 tribuere
680 3202 715 3258 et
738 3187 857 3282 largiri
874 3185 1053 3280 dignetur,
1076 3185 1244 3280 quicum
1266 3193 1369 3260 Patre

292 3323 326 3380 et
346 3307 478 3406 Spiritu
501 3308 632 3378 Sancto
649 3304 735 3374 vivit
755 3316 790 3375 et
815 3316 938 3399 regnat
962 3305 1057 3372 Deus
1082 3326 1179 3373 unus
1197 3318 1367 3396 aeternus,

293 3423 469 3496 Dominus
483 3437 603 3494 noster
617 3424 717 3492 lesus
731 3418 904 3491 Christus.
920 3422 1044 3489 Arnen.

477 3627 577 3664 snmus
595 3626 645 3663 mc
666 3624 873 3663 tronocsrrcus
894 3622 1028 3663 rismum
1049 3623 1100 3660 rm
1121 3623 1174 3662 nos

519 3719 655 3773 mosim,
674 3718 912 3756 iucmmrscornu
933 3717 1135 3769 cmtmnsmr,

552 3814 583 3850 nt
598 3813 671 3850 unns
686 3813 872 3861 rnrvmsnsi,
887 3813 922 3850 ετ
936 3812 1097 3850 conruerus

571 3908 716 3956 rosromu
725 3906 901 3944 ueniamus
916 3906 952 3943 m
964 3906 1080 3944 riuum

599 4003 693 4040 uunru
715 4004 752 4038 ns
772 4000 845 4037 uass
863 4000 958 4053 nom,
980 3999 1055 4039 unm

631 4097 776 4135 DOMINICAE
802 4093 1020 4133 metusmetus

708 4179 730 4214 Ι
739 4179 755 4215 C
763 4177 780 4214 C
788 4176 804 4211 C
813 4175 829 4213 G
837 4175 854 4211 1.
862 4175 881 4211 Χ
891 4175 910 4212 K
916 4176 946 4214 V·

727 4271 783 4310 ΜΟ
794 4269 921 4309 ortum.
