2946 5070
198 467 256 524 136
471 466 728 523 mstoamtttt
747 468 925 529 Luoovtcl
945 469 986 526 xt

198 599 317 698 potius
342 598 488 670 insania
509 598 581 670 ulla
607 600 769 691 emersit;
787 600 877 698 quin
896 601 1015 699 potius
1028 600 1076 674 ab
1092 599 1255 675 omnibus

198 715 296 788 velut
309 715 419 814 ipsius
435 739 525 787 uxor
538 715 695 811 legitima
709 715 923 790 habebatur.

248 833 440 930 Propositis
457 832 563 929 igitur
577 832 826 930 hujuscemodi
839 833 972 923 causis,
1005 849 1155 933 propter
1175 860 1257 932 quas

198 973 273 1020 non
289 948 337 1020 ad
351 947 485 1020 liberos
503 948 678 1037 defuncti,
697 949 765 1045 sed·
774 948 822 1022 ad
845 974 883 1022 se
895 952 1027 1048 potius,
1043 952 1154 1050 ipsius
1178 953 1257 1024 uni·

197 1089 280 1136 cum
306 1089 517 1162 germanum
545 1067 788 1164 superstitem,
811 1065 979 1141 diadema
1006 1083 1042 1140 et
1074 1070 1258 1170 imperium

193 1183 297 1278 regui
317 1184 397 1280 jure
422 1181 633 1255 devolutum
658 1182 853 1272 asserebat,
881 1198 917 1256 et
945 1185 1115 1281 requisita
1139 1183 1188 1260 ab
1213 1188 1260 1258 eis

198 1323 375 1398 superea
400 1323 438 1370 re
467 1301 658 1387 sententia,
693 1306 804 1395 quos¹
830 1300 878 1373 ad
902 1325 1096 1373 commune
1118 1303 1259 1401 capien-

198 1415 287 1488 dum
311 1436 418 1514 super
444 1417 542 1513 regni
575 1416 821 1490 moderatione
849 1419 1039 1490 consilium
1067 1420 1163 1491 intra
1188 1443 1259 1492 cas·

198 1544 315 1618 mum,
334 1529 434 1627 quod
462 1534 581 1604 Turris
615 1534 887 1606 Londoniarum
914 1535 1023 1630 vulgo
1050 1534 1257 1632 appellabar,

199 1661 436 1737 convocarat,
467 1672 550 1719 cum
580 1650 655 1747 ipse
691 1648 862 1721 dominus
890 1649 936 1720 de
963 1650 1179 1750 Hastinglie,
1203 1651 1260 1746 qui

200 1762 358 1835 defuncti
382 1765 474 1860 regis
498 1789 649 1861 magnus
679 1766 903 1838 consiliarius
932 1779 968 1836 et
992 1765 1130 1838 amicus
1163 1766 1261 1838 exsti·

200 1894 310 1973 terat,
329 1881 454 1980 spretis
476 1881 629 1981 prmfatis
650 1882 913 1973 calumniandi,
942 1883 1039 1955 velut
1052 1881 1191 1976 affictis,
1209 1908 1262 1956 co·

199 1994 352 2087 loribus,
369 2011 575 2069 constanter
592 2021 659 2096 pro
674 1997 754 2094 jure
772 1996 969 2070 liberomm
990 1996 1150 2069 defuncti
1176 1999 1262 2095 regis

201 2113 343 2184 locutus
371 2112 492 2187 fuisset
505 2129 541 2186 et
557 2113 670 2187 libere
686 2114 796 2213 ipsius
812 2113 913 2186 ducis
931 2114 1108 2186 voluntati
1123 2128 1262 2186 contra·

202 2227 365 2319 dixisset,
394 2229 517 2302 dicens
534 2255 571 2302 se
588 2229 637 2302 ob
656 2229 784 2320 fidem,
812 2255 922 2327 quam
947 2234 1024 2302 Deo
1047 2231 1206 2328 primum
1224 2255 1262 2304 ac

203 2343 373 2416 defuncto
403 2347 476 2442 regi
500 2346 664 2440 deberet,
693 2362 880 2444 nunquam
901 2348 940 2418 in
966 2345 1130 2419 fraudem
1148 2346 1263 2443 hujus·

202 2459 345 2532 cemodi
361 2485 466 2533 suum
482 2477 648 2560 praestare
664 2485 867 2554 assensum,
887 2464 982 2534 illico
1003 2461 1178 2534 obseratis
1194 2463 1264 2559 ejus

203 2577 307 2649 castri
332 2577 458 2675 portis,
479 2576 641 2650 adhibita
662 2579 770 2651 etiam
799 2576 951 2650 utilitum
980 2576 1165 2669 custodia,
1182 2602 1264 2675 quo·

205 2719 285 2766 rum
301 2719 339 2766 se
355 2695 519 2768 satellitio
533 2696 808 2788 communierat,
829 2695 998 2768 eumdem
1014 2693 1205 2766 dominum
1222 2693 1264 2766 de

206 2811 403 2910 Hastinghe
418 2811 613 2910 decapitari
626 2811 734 2884 fecit¹.
752 2815 843 2884 Cum
856 2825 977 2885 autem
993 2812 1105 2910 ipsius
1120 2812 1261 2902 familia,

205 2952 284 3024 quae
296 2927 396 3022 juxta
411 2929 551 3001 Turrim
571 2928 658 3001 foris
674 2929 856 3022 adstabat,
877 2952 1060 3000 rumorem
1087 2929 1185 3002 intus
1198 2928 1264 3013 fac·

206 3060 282 3116 tum
300 3060 335 3117 et
352 3047 546 3119 tumultum
569 3046 740 3140 audiens,
762 3046 808 3119 de
831 3045 917 3118 dolo
940 3069 983 3118 ac
1004 3045 1193 3135 violentia,
1223 3069 1265 3117 ne

207 3160 357 3232 domino
371 3186 437 3235 suo
454 3163 540 3234 illati
557 3178 691 3250 essent,
709 3162 902 3253 haesitaret,
920 3160 983 3232 illo
999 3174 1108 3258 caput
1121 3160 1231 3259 ipsius
1246 3183 1265 3232 e

206 3303 310 3351 muro
326 3279 477 3353 eisdem’
492 3295 545 3353 est
560 3295 760 3374 ostensum,
788 3295 829 3352 ut
850 3280 926 3377 jam
955 3280 1001 3352 de
1027 3275 1181 3351 domino
1203 3303 1264 3351 suo

204 3393 378 3491 quidnam
393 3395 525 3468 sactum
542 3395 655 3468 luerat
670 3395 825 3494 amplius
846 3395 994 3466 minime
1009 3393 1217 3490 ambigeret.

255 3513 357 3610 Capti
374 3527 458 3583 sunt
479 3526 598 3584 autem
611 3527 648 3584 et
664 3512 702 3583 in
724 3533 904 3584 carcerem
920 3510 1054 3583 detrusi
1078 3534 1144 3608 per
1168 3535 1265 3583 eum·

247 3752 273 3808 l.
299 3753 383 3823 Quod
394 3749 465 3809 dans
479 3750 507 3808 le
520 3770 573 3811 ms.

247 3847 276 3903 2.
299 3843 433 3923 Hastings
454 3845 497 3903 sut
513 3844 644 3924 decapite
662 3849 679 3903 l
697 3846 725 3903 la
737 3849 814 3904 Tour
830 3845 858 3902 le
873 3846 911 3903 ta
922 3842 985 3916 juin
1002 3843 1100 3914 ¹483,
1118 3842 1190 3902 mais
1204 3861 1266 3901 sous

206 3939 232 3998 lc
247 3940 377 4018 pretexte
390 3938 459 3997 d'un
473 3938 601 4016 complot
613 3939 704 3998 marne
718 3957 771 4017 par
782 3937 824 3996 lui
838 3951 939 3997 contre
951 3937 978 3995 le
992 3935 1049 3994 duc
1062 3934 1265 4006 deGlocester,

205 4032 254 4112 qui
275 4031 384 4090 n’avait
403 4051 508 4092 encore
524 4032 608 4091 luisse
626 4029 751 4112 paraitre
769 4051 882 4092 aucune
903 4030 939 4089 de
957 4049 1002 4089 ses
1019 4028 1199 4108 pretendens
1212 4028 1267 4086 lla

204 4145 362 4186 couronne.

247 4225 276 4281 ³.
298 4221 322 4280 11
336 4222 395 4281 faut
408 4224 499 4279 eidem
513 4219 648 4299 pniaqu’il
662 4240 680 4298 y
693 4239 710 4280 a
722 4222 884 4294 tastum,
896 4231 926 4279 et
937 4219 1002 4298 plus
1016 4219 1076 4278 loin
1089 4217 1251 4297 ambigeret.
