2946 5070
203 487 260 544 362
620 484 827 556 apotome,

201 618 401 719 premitur),
419 618 578 716 quinque
600 616 819 716 adpraesens
832 616 1163 714 considerationes,
1187 621 1276 698 ultra

202 737 278 811 illas
291 761 385 836 quus
405 737 480 836 ipse
497 734 744 834 Lugdunensis
759 734 882 830 relert,
901 737 1075 836 speciales
1096 740 1218 836 maps
1241 758 1276 816 et

201 853 248 927 ad
264 877 387 927 casum
411 854 475 950 qui
491 878 558 926 nos
578 853 755 949 contingit
779 854 1085 952 appropriationes
1103 869 1144 928 et
1169 882 1276 956 pecu·

201 968 361 1043 liariores
378 968 535 1050 breviter
551 958 764 1062 referemus,
780 968 912 1067 quibus
922 970 1022 1044 velut
1036 971 1213 1045 antidotis
1228 974 1274 1048 ad

201 1085 447 1160 deliniendum
467 1101 503 1160 et
524 1085 790 1160 dulcorandum
817 1109 965 1159 omnem
990 1101 1124 1160 nostrae
1147 1092 1273 1165 amari·

200 1201 364 1276 tudinem
380 1202 649 1302 persecutionis,
664 1202 788 1294 exsilii,
806 1201 931 1279 damni
946 1202 1004 1276 vel
1015 1202 1182 1300 jacturae,
1198 1231 1272 1280 om·

200 1342 356 1416 nemque
372 1317 508 1392 doloris
527 1343 570 1393 ac
586 1318 802 1417 egritudinis
817 1320 892 1392 vim
915 1343 979 1392 seu
997 1320 1199 1420 impetum,
1220 1326 1268 1397 uti

200 1434 377 1528 solemus,
407 1459 539 1534 easque
566 1434 830 1532 insurgentibus
861 1434 1045 1509 interdurn
1081 1437 1141 1510 vel
1170 1440 1269 1512 surri-

199 1549 380 1649 pientibus
397 1552 568 1627 dolorum
589 1554 757 1648 stimulis,
780 1553 878 1627 velut
899 1577 1001 1629 arma
1017 1553 1150 1629 validae
1167 1571 1205 1630 et
1217 1559 1269 1630 in·

198 1668 299 1742 victae
315 1669 552 1763 defensionis,
574 1694 773 1770 opponere.

248 1787 369 1861 Prima
389 1789 553 1886 quidem,
575 1788 675 1887 quod
689 1806 813 1862 amore
825 1787 967 1885 justitiae
986 1804 1023 1861 et
1036 1789 1127 1864 odio
1143 1790 1270 1888 iniqui·

199 1904 280 1978 tatis
300 1919 407 2002 atque
423 1906 621 2004 tyrannidis
635 1930 702 1979 nos
716 1905 912 2004 impiorum
928 1905 1121 1979 incurrisse
1137 1908 1271 1980 mlum·

200 2021 331 2096 nisset
349 2023 634 2120 persecutionem
657 2047 798 2122 passos,
821 2037 869 2118 et,
883 2047 960 2094 non
983 2024 1056 2097 alia
1076 2048 1120 2097 ex
1144 2048 1268 2119 causa,

199 2151 367 2236 putamus
380 2151 486 2236 atque
507 2140 545 2211 in
561 2140 721 2212 Domino
743 2114 972 2212 confidimus.
991 2141 1086 2212 Nam
1106 2163 1217 2234 cum,
1234 2156 1271 2213 ut

199 2276 307 2352 supra
330 2254 436 2327 latius
465 2255 672 2348 retulimus,
701 2253 904 2327 videremus
927 2254 1139 2351 gravissime
1165 2270 1271 2354 atque

198 2366 456 2442 immanissime
486 2368 572 2442 ab
561 2370 694 2501 iniquis
721 2371 928 2445 universum
958 2371 1142 2470 populum
1174 2373 1269 2469 regni

201 2483 407 2582 (prasertim
430 2487 623 2585 provinciae
650 2488 897 2581 Normanniae,
927 2501 1035 2583 atque
1051 2488 1166 2561 etiam
1191 2514 1269 2588 per·

198 2603 351 2701 amplius
371 2617 499 2675 nosuae
522 2601 699 2699 dioecesis)
723 2604 880 2702 opprimi
896 2618 933 2675 et
945 2603 1123 2676 lacerari
1114 2631 1153 2677 rn
1171 2607 1268 2677 omni

198 2718 389 2790 hominum
405 2733 511 2811 statu,
533 2719 646 2817 gradu
669 2734 705 2791 et
722 2719 868 2813 ordine,
885 2743 1119 2816 omnemque,
1135 2721 1166 2791 si
1184 2722 1268 2818 quid

198 2834 317 2908 adhuc
342 2861 385 2908 err
410 2836 590 2935 prioribus
619 2837 813 2933 tyrannicis
836 2836 1133 2935 usurpationibus
1165 2854 1268 2936 atque

199 2953 490 3051 oppressionibus
507 2954 671 3028 relictum
688 2979 763 3027 esse
779 2970 963 3055 potuerat,
982 2955 1133 3028 cuilibet
1151 2957 1267 3029 homi·

198 3094 287 3142 num
316 3072 422 3143 statui
444 3072 533 3171 eripi
562 3070 780 3167 libertatem,
811 3087 847 3144 et
873 3097 1000 3144 omnes
1024 3072 1268 3145 indifferenter

135 3197 140 3217 ‘
198 3184 391 3271 miserabili
419 3186 582 3261 addictos
599 3188 780 3282 servituti,
808 3202 945 3262 tantam
964 3188 1177 3284 injustitiam
1194 3205 1267 3261 tun·

198 3314 322 3398 tasque
344 3317 469 3376 ettam
487 3327 611 3400 graves
625 3305 773 3402 injurias
792 3305 1081 3403 calamitatesque
1106 3305 1267 3405 publicas

198 3432 236 3491 et
260 3417 416 3518 privatas
443 3444 546 3517 aequo
566 3420 690 3494 animo
715 3445 783 3496 nec
804 3421 979 3522 perferre,
1000 3447 1068 3498 nec
1090 3424 1216 3498 videre
1233 3439 1268 3498 et

199 3533 330 3605 intueri
346 3547 564 3633 poteramus.
1099 3591 1107 3606 .

248 3655 376 3722 Fuerat
411 3652 596 3749 provincia
632 3651 700 3724 sub
733 3651 929 3748 anglorum
956 3654 1132 3754 imperio,
1167 3669 1267 3729 eure

199 3781 334 3861 nostra,
352 3768 416 3866 qui
433 3780 569 3842 veteres
584 3767 706 3841 hostes
722 3769 843 3867 patriae
852 3783 1078 3869 reputantur,
1096 3774 1176 3844 Deo
1193 3796 1269 3870 per-

199 3884 379 3973 mittente,
409 3900 554 3982 reguata
572 3901 608 3958 et
624 3911 786 3986 possessa
800 3910 916 3959 anuos
934 3887 1088 3986 amplius
1109 3888 1264 3985 uiginta.

198 4000 340 4088 Quibus
362 4001 653 4093 decurrentibus,
677 4003 819 4101 quantis
845 4003 1024 4102 completa
1047 4002 1157 4076 fuerit
1178 4003 1269 4077 cala·

199 4104 397 4215 mitatibus,
423 4135 502 4194 tum
525 4121 572 4194 ab
596 4121 682 4220 ipsis
704 4121 873 4220 anglicis,
900 4136 978 4194 turn
1002 4133 1039 4193 et
1065 4120 1223 4194 maxime
1248 4143 1269 4193 a

199 4238 309 4314 Gallis
325 4264 394 4312 eos
417 4240 504 4313 inde
527 4238 703 4340 expellere
723 4239 898 4313 continuo
920 4235 1161 4329 conantibus,
1193 4261 1270 4311 non
