2946 5070
549 492 777 553 PROOEMIUM.
1133 496 1192 556 Μ

128 628 306 726 rogationi
323 641 446 705 vestrae
462 650 588 724 parere
600 640 707 722 atque
721 624 919 698 satisfacere
933 649 1001 723 pro
1016 629 1193 703 concessis

128 745 316 825 adomiuo
333 741 467 817 viribus
483 743 713 833 tentavimus,
738 743 775 813 iu
796 742 907 815 nostri
929 744 1193 819 excusationem

128 885 192 935 seu
210 860 414 958 apologiam
437 874 564 933 nostrae
589 859 883 956 peregrinationis
909 872 945 931 et
969 859 1193 933 discessionis

128 977 176 1059 ab
190 978 350 1074 injuncta
365 977 517 1051 statione
535 973 695 1051 libellum
710 975 809 1053 hunc
827 976 1090 1073 apologeticum
1105 1000 1193 1051 con·

128 1093 334 1167 scribentes.
359 1097 511 1167 Tantum
538 1092 636 1167 enim
660 1094 864 1165 reverentiae
885 1093 1046 1168 amicitiae
1071 1109 1193 1167 vestm

129 1236 198 1286 uos
213 1209 346 1284 debere
370 1208 580 1308 profitemur
599 1232 666 1306 pro
681 1207 935 1283 communibus
959 1211 1046 1281 olim
1069 1210 1193 1282 studiis

128 1342 165 1402 ct
178 1325 440 1418 sodalitatibus,
458 1323 609 1422 quibus,
628 1323 675 1399 ab
694 1325 840 1399 ineunte
864 1325 1102 1399 adolescentia
1121 1351 1193 1400 una

30 1533 33 1537 .
129 1444 308 1518 exercitati
332 1443 485 1536 suimus,
512 1457 553 1516 ut
572 1439 661 1515 nibil
685 1466 812 1515 eorum
837 1468 916 1540 quae
942 1442 989 1516 de
1020 1444 1194 1541 parvitate

129 1573 252 1635 nostra
268 1557 468 1633 desiderare
485 1557 650 1658 potestis,
673 1557 749 1631 ullo
774 1573 881 1656 pacto
902 1557 1062 1632 abnuere
1089 1583 1193 1658 posse

129 1675 341 1748 rationabile
357 1676 413 1748 vel
436 1697 578 1773 aequum
596 1675 848 1747 existimemus.

179 1790 314 1865 Similia
341 1805 462 1863 autem
485 1814 505 1861 a
529 1790 613 1862 viris
634 1790 773 1885 magnis
798 1803 834 1859 et
862 1812 1017 1885 quorum
1044 1788 1193 1865 celebris

128 1921 332 1983 reoenretur
355 1906 530 1980 memoria
549 1907 645 1980 edita
667 1907 870 2004 frequenter
894 1903 1000 1978 luisse
1023 1908 1195 2004 opuscula

129 2047 197 2122 pro
214 2024 320 2097 variis
341 2023 456 2095 causis
476 2023 717 2096 meminimus.
743 2026 834 2095 Nam
859 2036 894 2093 et
916 2022 1107 2119 Gregorius
1125 2029 1193 2097 Na·

129 2139 331 2226 amasenus,
352 2137 467 2210 dictus
481 2137 694 2234 Theologus,
710 2136 972 2235 apologeticum
987 2162 1055 2234 pro
1071 2163 1135 2212 sua
1155 2141 1193 2212 in

130 2253 359 2327 solitudinem
376 2253 574 2325 secessione
588 2253 767 2348 eleganter
786 2253 943 2351 scripsit,
959 2253 1055 2324 naid
1074 2253 1194 2328 fecisse

131 2384 262 2445 temere
275 2369 331 2441 vel
347 2368 583 2441 inconsultius
597 2392 619 2442 a
635 2392 819 2464 quoquam
837 2369 1051 2467 culparetur.
1073 2370 1196 2446 Edidit

129 2499 166 2559 et
177 2483 306 2557 beatus
323 2482 535 2557 Athanasius
550 2483 805 2557 Alexandrinus
822 2482 935 2557 libros
953 2485 1194 2584 apologeticos

130 2599 177 2673 de
193 2600 275 2696 luga
290 2623 374 2692 sua,
392 2623 463 2696 qua
482 2600 767 2698 persecutionem
784 2600 982 2674 Constantii
999 2616 1035 2674 et
1051 2603 1195 2675 Ariano-

131 2740 226 2809 rum,
239 2717 427 2790 adversum
439 2740 476 2788 se
487 2716 651 2812 nequiter
662 2716 894 2808 sevientium,
909 2717 1072 2789 doctrina
1085 2716 1195 2789 fretus

130 2847 169 2905 et
191 2834 356 2932 exemplo
377 2832 585 2924 Salvatoris,
610 2831 835 2905 laudabiliter
864 2833 1065 2907 declinavit.
1094 2835 1193 2931 Saepe

131 2950 240 3024 ctiam
264 2951 504 3047 Hieronymus
524 2963 560 3022 et
582 2947 730 3020 Rufinus
749 2963 855 3045 atque
882 2949 942 3021 alii
966 2950 1194 3048 quamplures

131 3064 243 3139 libros
259 3067 297 3138 iu
312 3067 515 3165 apologiam
529 3067 583 3137 sui
597 3066 900 3163 conscripserunt,
918 3064 981 3136 ubi
997 3065 1044 3137 ab
1059 3065 1195 3136 aemttlis

131 3198 169 3256 et
193 3182 492 3257 obtrectatoribus
520 3183 564 3254 de
588 3182 709 3279 aliquo
734 3180 870 3279 probro
894 3181 949 3254 vel
973 3182 1195 3255 insimulatos

133 3324 189 3392 se,
219 3300 276 3373 vel
295 3299 492 3373 insimulari
523 3322 626 3394 posse
653 3313 920 3392 cognoscerent.
954 3301 1118 3384 Quorum
1148 3296 1196 3369 ad

133 3423 336 3521 exemplum
351 3478 361 3515 ,
377 3422 501 3493 vestris
522 3419 704 3517 cupientes
735 3418 982 3517 obtemperare
1009 3418 1192 3516 precibus,

132 3561 258 3612 causas
284 3540 442 3637 primum
466 3551 502 3609 et
525 3535 730 3607 occasiones
758 3534 889 3632 quibus
918 3535 1107 3609 adversum
1128 3561 1196 3610 nos

134 3651 238 3745 regiae
253 3650 508 3745 indignationis
522 3645 696 3721 acerbitas
712 3648 890 3719 concitata
906 3647 1027 3738 luerit,
1047 3672 1196 3745 quaeque

135 3786 202 3835 nos
215 3762 252 3835 iu
269 3761 365 3839 hanc
384 3760 704 3859 peregrinationem
723 3773 758 3831 et
773 3783 796 3830 a
816 3759 1011 3832 ministerio
1034 3757 1195 3853 injuncto

134 3874 369 3949 cessationem
385 3871 637 3968 compulerunt
651 3886 688 3943 et
706 3869 922 3966 adegerunt,
942 3894 1085 3944 narrare
1101 3869 1197 3943 insti·

135 3986 279 4064 luimus.
310 3986 374 4059 Cui
405 3984 434 4061 si
460 3982 697 4082 provocanda
726 3997 762 4057 et
790 3980 1043 4058 exacerbaudte
1073 4005 1197 4061 causat

136 4099 226 4178 sorte
239 4102 519 4200 prostituimus,
536 4112 572 4170 et
588 4098 702 4173 zelum
715 4098 762 4171 sd
779 4097 918 4175 bonum
930 4098 981 4169 rei
995 4095 1146 4195 publicas
1160 4111 1197 4170 et

131 4215 394 4314 induebatque
407 4214 579 4291 libertatis
590 4215 710 4313 patric
725 4214 844 4289 mium
860 4226 963 4289 caute
974 4212 1030 4287 rel
1045 4211 1196 4311 provide
