2946 5070
544 474 654 530 LIBER
680 473 831 530 SEXTUS.
1183 476 1220 530 93

157 602 325 675 muliebri
341 605 474 676 amictu
488 602 660 700 fingentes
670 602 825 701 quidam
838 629 881 675 ex
898 605 981 704 ipsis
999 605 1152 679 rutheris
1169 634 1221 701 se,

156 724 209 795 uti
227 724 380 797 loeminae
394 725 568 816 assolent,
587 722 633 796 ad
642 722 824 822 oppidum
840 749 883 796 ex
900 725 1025 797 vicinis
1041 726 1133 823 agris
1154 751 1224 801 ova

155 824 197 912 et
207 841 386 916 lacticinia
402 841 584 934 invehere,
614 852 754 939 portam
772 840 897 940 oppidi
924 857 1154 942 occupantes,
1184 845 1222 915 in

157 957 334 1058 oppidum
359 961 581 1057 irruperunt,
608 959 775 1056 caesisque
803 960 986 1032 nonnullis
1017 985 1061 1033 ex
1086 960 1224 1034 civibus

154 1073 264 1147 etiam
294 1075 388 1148 intra
415 1074 598 1158 basilicam
625 1066 785 1171 ejusdem
812 1075 959 1174 oppidi,
992 1076 1109 1175 ipsum
1136 1078 1223 1150 diri-

154 1205 323 1288 puerunt.
336 1190 407 1264 Sed
419 1216 503 1264 cum
517 1191 689 1263 sentirent
697 1189 1020 1265 Amsterdamenses
1034 1193 1221 1266 confestim

154 1307 294 1404 magnis
317 1332 401 1380 cum
418 1323 638 1381 armatorum
655 1307 768 1406 copiis
785 1307 927 1405 navigio
940 1306 1150 1402 adventare,
1168 1335 1222 1381 re·

153 1419 239 1494 licto
256 1424 392 1523 oppido
422 1422 529 1496 bonis
556 1424 727 1523 spoliato,
746 1448 830 1496 cum
853 1423 986 1522 prada,
1015 1426 1158 1523 qualem
1174 1425 1221 1498 ad

154 1559 304 1610 manum
321 1536 590 1637 apprehendere
610 1551 813 1637 potuerant,
829 1536 1063 1637 pluribusque
1079 1565 1121 1611 ex
1138 1541 1221 1611 civi·
1245 1619 1251 1637 ,

153 1652 223 1726 bus
250 1654 416 1728 abductis
447 1655 608 1755 captivis,
636 1655 834 1752 Trajectum
863 1657 979 1727 statim
1001 1666 1216 1729 remearunt.

153 1774 226 1844 Nec
255 1785 375 1845 tamen
394 1797 456 1845 eos
481 1772 695 1869 omniaque,
730 1796 809 1869 quae
832 1785 1062 1871 acceperant,
1082 1771 1220 1845 deferre
1331 1767 1334 1773 ’

152 1903 367 1988 potuerunt,
385 1887 449 1961 sed
467 1888 623 1987 plurima
636 1912 702 1986 per
729 1910 833 1985 agros
860 1901 898 1959 et
925 1887 1051 1961 itinera
1069 1890 1219 1987 sparsim

151 2005 311 2102 projecta
327 2003 549 2096 elbrderunt3
568 2028 652 2078 nam
670 2003 757 2076 dicti
774 2002 1111 2100 Amsterdameuses,
1135 2030 1219 2078 cum

151 2119 229 2192 aliis
244 2122 369 2195 vicinis
388 2147 432 2194 ex
453 2121 667 2212 Hollandia,
683 2146 746 2194 eos
763 2146 846 2194 cum
863 2145 994 2218 magno
1025 2122 1217 2219 ulciscendi

151 2236 330 2311 desiderio
341 2237 635 2337 insequebantur.

199 2359 244 2428 Et
258 2355 334 2430 haec
354 2383 409 2430 res
424 2356 615 2430 adversum
631 2357 870 2454 Trajectenses
890 2358 927 2429 in
953 2356 1078 2429 odium
1096 2371 1136 2428 et
1154 2352 1218 2427 ini·
1282 2354 1285 2359 ’

151 2471 301 2545 micitias
318 2475 470 2570 graviter
485 2488 598 2547 totam
617 2472 844 2546 Hollandiam
868 2474 1071 2546 concitavit.
1091 2474 1214 2565 Unde,

152 2610 233 2660 non-
246 2588 359 2660 multo
372 2604 474 2688 post,
494 2591 598 2662 exciti
615 2588 661 2663 ad
672 2588 882 2682 vindictam,
898 2591 1049 2662 collecto
1061 2591 1217 2664 exercitu

149 2728 192 2795 ex
210 2706 354 2805 oppidis
376 2708 448 2778 suis
464 2704 689 2779 llollandrini
706 2720 899 2799 venerunt,
921 2704 1070 2778 ductore
1089 2732 1216 2780 eorum

148 2820 243 2893 vices
257 2823 428 2922 principis
453 2838 615 2919 gerente,
642 2821 880 2919 gubernatore
901 2821 1125 2916 llollandiae,
1144 2823 1216 2896 do·

148 2937 249 3008 mino
266 2938 405 3010 Judoco
425 2937 471 3011 de
484 2938 655 3038 Mlm'ng,
675 2938 923 3010 Hannoniensi
933 2942 955 3030 ¹,
974 2936 1022 3010 ab
1045 2936 1215 3018 obsiden-

149 3052 238 3126 dum
255 3054 457 3151 quamdam
467 3056 594 3128 turrim
623 3079 686 3126 sen
706 3051 914 3144 basffliam',
945 3077 1055 3149 quam
1078 3056 1215 3153 Trajec-

147 3183 265 3244 tenses
278 3171 316 3242 in
333 3170 685 3278 locu,undeoanale⁸
701 3168 800 3267 quod
819 3168 1018 3266 Trajectum
1043 3171 1212 3269 perfluit⁸,

187 3324 218 3380 l.
240 3325 342 3380 Joossc
355 3321 392 3380 de
403 3321 523 3393 Lalain,
539 3320 672 3400 seigneur
688 3320 725 3380 de
739 3321 899 3400 llontigny,
914 3321 975 3380 l’uu
990 3321 1041 3381 des
1054 3321 1160 3383 barons
1175 3325 1214 3384 du

147 3414 292 3488 llainaut,
323 3435 506 3495 gouvemeur
531 3435 574 3474 ou-
599 3415 767 3475 stathouder
793 3415 831 3475 de
855 3415 1015 3489 Hollande,
1037 3418 1162 3478 zelanda
1186 3434 1215 3478 et

147 3507 242 3581 Frise,
254 3529 329 3588 pour
344 3509 530 3569 Maximilien.

188 3603 219 3662 2.
242 3606 281 3664 ce
297 3605 354 3664 lieu
368 3618 410 3664 est
425 3603 526 3683 appelle
541 3606 645 3684 Waert
657 3603 728 3662 dans
748 3603 776 3663 le
795 3603 870 3663 titre.
893 3604 1044 3663 Matthaeus
1062 3624 1080 3663 a
1102 3606 1214 3685 corrigie

149 3698 302 3773 Vrcesvycl·
309 3720 321 3769 ,-
337 3697 408 3757 mais
419 3697 440 3755 il
454 3715 472 3755 a
484 3696 568 3755 laissa
581 3695 719 3755 subsistet
738 3700 839 3756 Wuert
861 3695 933 3756 dans
946 3697 974 3755 le
989 3710 1067 3757 texte
1085 3697 1125 3756 du
1144 3698 1212 3757 cha·

148 3787 222 3865 pitre
235 3790 360 3849 suivant.
379 3794 443 3849 «Le
454 3792 536 3848 Wert
551 3813 580 3861 r,
597 3789 639 3847 dit
652 3789 771 3847 Molinet
786 3815 801 3844 ι
812 3810 852 3849 un
865 3809 931 3870 gros
944 3789 1108 3870 sauxbourg
1121 3803 1214 3850 estant

148 3881 255 3941 devant
273 3884 306 3943 la.
316 3885 399 3956 ville,
424 3883 539 3942 fortiffie
558 3887 574 3941 a
592 3884 620 3942 la
641 3883 726 3942 mode
746 3883 958 3964 d'Allemagne,
981 3887 1020 3942 οὺ
1034 3884 1088 3962 ily
1105 3898 1155 3944 eut
1173 3886 1212 3943 ri·
1274 3902 1276 3906 ’

148 3975 226 4034 viere
249 3989 278 4034 et
298 3989 371 4055 pont
388 3977 424 4037 de
441 3976 568 4035 dellense
588 3977 644 4034 sort
659 3979 676 4034 a
691 3976 867 4050 merveilles,
884 3976 976 4055 etqui
992 3975 1125 4037 sembloit
1138 3992 1213 4038 estre

148 4069 228 4147 quasi
240 4068 431 4148 impreuable.
446 4094 461 4123 ι
478 4073 512 4132 Τ.
528 4068 676 4148 Il,1chap.
692 4088 773 4128 xcvr.

188 4162 216 4219 3.
239 4161 437 4239 Leclendyclr.

182 4254 218 4315 h.
238 4256 370 4329 Praetluit
380 4255 452 4314 dans
464 4256 492 4314 le
505 4275 560 4315 ms.
576 4254 727 4315 Matthaeus
737 4263 905 4332 pertransit.
