2946 5070
496 471 605 528 LIBER
635 471 785 529 SEXTUS.
1040 472 1049 483 “
1129 470 1168 526 tt

156 608 216 679 Eis
244 607 349 703 igitur
377 605 493 703 capite
521 605 653 702 plexis,
685 600 930 699 hujuscemodi
962 602 1041 673 vitre
1062 601 1168 697 hujus

106 721 313 821 temporalis
328 743 371 793 ac
389 720 596 794 transitoriae
616 717 696 790 finis
715 717 790 789 luit.

479 997 734 1075 CAPITULUM
758 1002 802 1073 V.

107 1195 147 1246 Dc
157 1191 228 1246 duca
239 1192 367 1258 eliensi,
381 1190 447 1262 quid
459 1189 582 1245 Gandavi
597 1203 703 1262 agerem
724 1203 750 1244 et
766 1191 801 1245 de
815 1191 945 1264 legatione
957 1191 1025 1262 regis
1039 1190 1074 1245 ad
1089 1193 1165 1264 prin·
1194 1261 1199 1273 x

142 1277 276 1349 cipisnm,
291 1289 316 1329 et
325 1276 376 1330 alia
385 1276 518 1348 legatione
529 1276 607 1329 missa
619 1273 709 1328 denuo
724 1293 756 1328 ex
768 1289 843 1346 parte
851 1275 1012 1347 principissa
1022 1288 1046 1328 et
1059 1294 1168 1329 suorum

141 1359 178 1414 ad
193 1377 293 1432 regem.

156 1534 227 1620 Sed
254 1572 322 1621 nec
351 1561 539 1647 propterea
568 1561 750 1619 cessarunt
780 1548 971 1622 seditiones
997 1564 1032 1621 et
1057 1547 1169 1623 turbae

106 1662 205 1761 apud
229 1662 451 1754 Gandenses,
476 1686 602 1735 verum
629 1663 823 1734 nonnullos
853 1688 896 1735 ex
921 1665 1178 1762 praestantiore,

106 1779 177 1853 bus
189 1780 328 1854 civibus
347 1781 419 1852 suis
440 1802 580 1852 carcere
596 1778 764 1875 reclusos,
780 1779 877 1853 velut
892 1780 1169 1879 repetundarum

107 1921 202 1989 reos,
217 1898 332 1996 capite
346 1897 454 1970 etiam
466 1898 689 1996 punierunt¹.
708 1900 780 1969 Nec
796 1885 897 1970 facile
909 1898 1033 1997 oppidi
1049 1914 1169 1997 portas

107 2011 249 2110 egredi,
280 2013 494 2112 perplures
523 2012 619 2105 dies,
653 2013 821 2110 cuiquam
849 2012 1001 2106 licebat,
1035 2013 1168 2113 absque

107 2130 251 2204 licentia
266 2144 409 2203 armatae
423 2116 561 2229 plebis,
582 2153 661 2227 quae
681 2127 800 2201 lorum
818 2127 1031 2202 observabat
1046 2145 1082 2201 et
1098 2131 1168 2203 illic

107 2244 320 2318 excubabat.
343 2245 445 2317 Unde
463 2270 574 2339 cum,
594 2243 754 2342 quodam
772 2245 850 2338 die,
869 2247 1058 2345 episcopus
1081 2251 1168 2319 leo·

108 2357 260 2452 diensis,
285 2361 347 2457 qui
363 2359 559 2432 avimculus
575 2375 651 2432 erat
666 2360 910 2459 principissae⁸,
926 2359 972 2433 ad
993 2384 1057 2434 sua
1073 2361 1168 2435 redi·
1226 2378 1232 2385 '

108 2490 209 2548 turus
226 2491 348 2576 portas
363 2479 458 2557 exire
486 2476 711 2569 tentavisset,
735 2490 860 2573 negata
878 2475 946 2548 sibi
963 2477 1167 2573 egrediendi

108 2590 287 2682 factdtate,
305 2590 351 2664 ad
362 2590 558 2690 hospitium
575 2615 681 2662 suurn
692 2592 818 2663 reverti
835 2591 1040 2689 compulsus
1052 2608 1115 2665 est.

158 2711 242 2781 Erat
254 2723 291 2788 et
304 2708 376 2780 illic
390 2709 428 2779 in
446 2707 582 2806 oppido
595 2707 667 2780 dux
683 2708 865 2801 Clivensis,
879 2710 941 2806 qui
953 2710 1168 2808 principissa

107 2838 355 2922 materteram,
375 2823 477 2896 ducis
493 2821 665 2895 Borbonii
687 2838 724 2896 et
740 2824 825 2897 dicti
851 2824 1055 2898 leodiensis
1079 2824 1169 2925 [epi-

108 2941 222 3041 scopi]
238 2941 385 3015 alteram
399 2965 580 3033 sororem,
599 2941 636 3013 in
657 2944 827 3040 conjugio
847 2942 1021 3017 babuerat
1032 2947 1055 3016 ⁸.
1073 2949 1165 3040 Qui,

149 3193 179 3248 l.
201 3189 337 3247 L’auteur
347 3201 416 3246 vetat
431 3187 526 3266 parler
540 3187 590 3246 des
600 3188 716 3247 enciens
729 3189 872 3249 membres
886 3190 922 3250 de
934 3192 962 3251 la
977 3193 1014 3251 loi
1027 3193 1063 3252 de
1072 3194 1167 3267 Gand,

108 3283 159 3360 qui
173 3282 288 3340 avaient
303 3281 400 3340 donne
413 3281 455 3340 les
478 3282 569 3340 mains
583 3285 599 3340 a
613 3282 642 3341 la
663 3284 790 3342 re‘action
807 3283 846 3343 du
865 3285 989 3364 pouvoir
1009 3287 1091 3347 ducal
1111 3288 1169 3348 lors
1274 3290 1277 3297 '

109 3375 147 3435 de
167 3377 360 3435 l’avenement
375 3375 412 3434 de
431 3374 548 3434 Charles
572 3375 600 3434 le
618 3377 789 3435 Temeraire.
814 3378 853 3437 Ils
870 3379 967 3439 iurent
981 3382 1114 3440 executes
1131 3402 1169 3442 au

107 3466 237 3527 nombre*
253 3468 290 3528 de
311 3469 372 3541 six,
398 3470 468 3527 mais
489 3469 729 3528 anterienrement
755 3490 792 3529 au
815 3471 943 3550 supplice
972 3472 1011 3533 du
1038 3476 1171 3555 seigneur

109 3560 353 3621 d‘llumbercourt
366 3576 395 3621 et
408 3562 444 3621 de
458 3563 620 3623 Guillamne
633 3568 777 3643 Bugonet.

149 3657 180 3713 2.
199 3655 288 3713 loiris
301 3653 337 3713 de
350 3655 502 3727 Bourbon,
517 3656 632 3734 (aveque
643 3656 678 3715 de
691 3657 793 3735 liege,
808 3658 876 3716 etait
889 3657 917 3714 le
931 3656 1007 3717 frere
1019 3659 1170 3721 d’lsabelle

110 3750 308 3826 dellourbon,
324 3752 663 3812 meredeladucbesses
1123 3730 1129 3751 ÷

151 3847 181 3905 3.
202 3848 290 3916 leun,
305 3844 360 3904 duc
373 3844 409 3903 de
422 3846 541 3918 eleves,
553 3846 632 3906 avait
645 3847 752 3925 epouse
766 3866 825 3905 non
839 3866 891 3925 pas
908 3867 965 3909 une
979 3850 1123 3928 princesse
1134 3851 1171 3910 de

109 3936 257 4011 Bourbon,
273 3938 344 3997 mais
358 3937 479 3997 lsabelle
491 3939 527 3997 de
542 3941 728 4020 bourgogue,
743 3939 800 3998 fille
813 3941 853 4000 du
865 3940 921 4000 duc
933 3942 971 4002 de
986 3947 1105 4016 Nevers,
1118 3965 1171 4024 par

110 4032 287 4109 consequent
300 4032 419 4090 cousins
432 4052 470 4091 au
483 4032 629 4091 troisieme
642 4032 728 4113 degi-e
742 4033 819 4093 dela
834 4034 984 4097 duchesse.
1002 4041 1137 4098 L'auteur
1152 4061 1170 4099 a

111 4123 258 4182 conlondu
274 4125 312 4182 ici
326 4124 354 4182 le
367 4122 424 4183 duc
437 4124 473 4183 de
489 4125 591 4184 Cleves
606 4143 677 4184 avec
696 4126 724 4184 le
739 4126 796 4185 dne
815 4127 853 4185 de
865 4128 1009 4205 Gueldre,
1028 4132 1078 4212 qui
1093 4133 1172 4192 avait

112 4220 218 4298 &pause
232 4217 384 4277 &thence
399 4219 435 4277 de
448 4217 594 4277 Bourbon.
