2946 5070
185 444 243 500 tto
460 439 918 506 nlstoalatttttttttuovtc1
936 444 979 501 xl

117 563 120 575 ¹
185 577 394 674 pacisinire
419 575 551 648 foedera
576 573 761 672 cupiebat,
790 574 857 646 sibi
886 576 1081 671 objectaret
1102 580 1253 676 qualiter

185 694 468 790 quamplurimos
484 693 664 792 principes
688 692 788 786 regni
811 692 865 762 sui
889 695 1073 789 promissis
1100 719 1181 767 ase
1204 696 1252 767 eis

187 808 285 880 factis
310 809 502 901 fefellisset,
522 808 706 906 'respondit
721 832 759 878 se
781 832 865 904 erga
886 808 1050 882 subditos
1069 836 1156 884 suos
1172 836 1253 910 pm·

187 924 300 996 missis
322 940 358 996 et
383 925 611 997 sacramentis
635 949 707 994 non
731 923 851 1018 ligari3
880 924 943 997 sed
962 926 992 997 si
1018 925 1130 1000 fidem
1154 929 1252 1000 alteri

187 1041 258 1135 regi
273 1039 386 1131 daret,
401 1065 481 1112 eam
496 1064 681 1137 nunquam
697 1041 892 1124 violaturus
903 1055 1004 1112 esset.
1021 1043 1133 1130 Quod
1146 1068 1252 1140 (fuam

187 1182 312 1231 verum
330 1157 454 1248 fuerit,
469 1181 589 1229 rerum
606 1172 753 1228 eventus
769 1158 887 1255 ipsum
904 1181 1023 1253 regem
1041 1158 1249 1256 anglorum,

186 1273 348 1344 siminus
365 1286 470 1343 antea
486 1271 612 1358 fuerat,
629 1272 817 1344 certiorem
834 1272 926 1343 fecit.
948 1271 1032 1351 Erat
1045 1275 1144 1344 eninr
1159 1276 1253 1373 apud

188 1414 313 1464 omnes
331 1389 441 1459 ferme
458 1379 636 1486 principes
649 1403 685 1458 et
699 1389 879 1479 nationes<
890 1402 964 1459 tam
978 1389 1253 1463 christianorum

187 1512 297 1601 qnam
312 1504 531 1597 infidelium,
560 1505 622 1600 qui
640 1503 685 1574 de
706 1529 751 1575 eo
768 1503 967 1599 quidquam
983 1506 1191 1592 audierant,
1211 1509 1252 1580 de

186 1620 352 1719 perfidia,
371 1621 610 1692 inconstantia
632 1635 667 1690 et
688 1620 1179 1718 fragilitatepromissionum
1196 1650 1252 1696 ve·

186 1737 372 1809 hemente'r
389 1736 605 1821 diffamatus.

237 1859 349 1924 Porro
366 1855 394 1926 si
417 1855 454 1924 in
479 1854 618 1950 aliquos
641 1876 800 1950 unquam
825 1853 1052 1933 clementiam
1071 1869 1108 1927 et
1124 1857 1254 1929 miseri·

186 1970 347 2065 cordiam
367 1969 503 2062 fecerit,
523 1969 609 2040 tales
626 1968 769 2039 fuerunt
785 1992 876 2064 quos
897 1969 955 2040 vel
971 1995 1042 2054 suae
1057 1973 1254 2067 tyrannidis

187 2088 338 2173 idoneos
354 2075 570 2159 existimaret
588 2077 781 2177 ministros,
804 2097 865 2157 aut
883 2111 1039 2183 quorum
1057 2091 1253 2187 potentiam

187 2205 243 2276 vel
260 2203 462 2279 inimicitias
477 2203 618 2274 timeret
629 2203 825 2275 incurrere.
842 2206 882 2273 ln
903 2205 992 2276 alios
1009 2218 1143 2298 antem,
1166 2232 1254 2304 quos

72 2372 80 2387 .
188 2346 255 2392 neo
272 2320 318 2392 ad
334 2320 483 2417 hujusce
495 2344 567 2390 suae
582 2319 817 2391 ministerium
832 2319 1032 2417 tyrannidis
1049 2337 1168 2420 aptos,
1190 2347 1254 2394 uec

187 2440 234 2514 ad
248 2438 494 2512 obsistendum
509 2455 678 2545 potentes
696 2439 897 2539 reputabat,
916 2454 1049 2516 saevum
1064 2467 1207 2542 semper
1221 2457 1254 2514 et

189 2555 371 2631 crudelem
393 2581 430 2627 se
446 2555 615 2627 ostendit.

539 2841 795 2939 cnrtrutun
824 2872 900 2939 xu.

481 3070 520 3123 oe
534 3071 661 3143 optentu
676 3041 874 3142 scaplianum
887 3073 974 3144 eju„
1030 3106 1033 3112 -

239 3250 386 3346 Sapiens
412 3273 544 3321 verone
569 3251 623 3322 vel
656 3249 832 3350 prudens,
860 3263 923 3322 aut
953 3249 1072 3347 potius
1095 3250 1250 3322 stultus?

191 3367 407 3463 Quanquam
417 3414 418 3419 =
429 3367 594 3442 nonntdli
611 3380 845 3439 assentatores
864 3364 1046 3437 interdum
1073 3391 1158 3437 eum
1175 3391 1254 3464 pru·

191 3480 438 3579 deotissimum
465 3482 714 3580 praedicarint,
746 3497 866 3554 tamen
902 3502 948 3553 ex·
982 3482 1253 3580 quamplurimis

79 3636 85 3643 ·
103 3598 107 3611 '
189 3587 274 3692 ejus
281 3593 383 3666 dictis
400 3609 436 3666 et
456 3595 555 3667 factis
573 3598 644 3667 tam
660 3589 807 3667 stultum
828 3620 865 3667 se
886 3620 961 3666 esse
978 3593 1205 3693 approbabat
1220 3606 1255 3667 et

38 3786 48 3807 ,
106 3740 115 3763 ··
188 3711 346 3804 fatuum,
373 3726 412 3783 ut
432 3710 479 3782 ab
496 3712 623 3784 insano
641 3713 697 3785 vel
714 3713 879 3784 demente
903 3736 1032 3811 parum
1047 3710 1189 3784 differre
1206 3712 1254 3782 vi.

189 3829 345 3925 deretur.
372 3831 462 3900 Eum
484 3828 656 3918 fortassis,
685 3831 721 3901 in
744 3829 927 3901 nonnullis
948 3853 1115 3925 pereum
1133 3829 1251 3925 gestis,

190 3943 359 4018 callidum
376 3959 438 4016 aut
453 3959 608 4016 astutum
621 3945 691 4016 diei
710 3970 814 4043 posse
830 3945 959 4042 cuique
975 3944 1088 4016 rideri
1112 3960 1251 4044 posset3

191 4087 270 4159 quae
295 4078 412 4135 tamen
436 4061 532 4158 justo
561 4087 679 4134 rerum
704 4063 905 4134 aestimatori
927 4082 1002 4134 non
1028 4060 1075 4134 ad
1096 4059 1253 4133 officium

191 4179 409 4276 prudentie,
428 4179 491 4252 sed
511 4179 630 4276 potius
655 4177 701 4251 ad
728 4179 832 4267 vitia,
853 4177 1057 4277 prudentiae·
1077 4179 1255 4252 contraria
