2946 5070
194 455 251 512 tn
466 452 723 512 nrsroxunun
743 454 984 535 cononum

193 590 293 689 quod
316 590 419 661 initio
442 587 624 681 nonnulli,
645 589 744 686 quod
760 588 931 685 agebatur
955 590 1180 686 ignorantes,
1198 617 1252 666 ar·

193 704 411 777 bitrarentur
437 729 512 775 non
538 705 661 777 talium
688 704 873 777 missilium
891 729 967 777 esse
984 707 1168 799 sonitum,
1194 709 1253 782 sed

193 822 313 921 potius
329 819 510 915 tignorum
526 819 730 917 aliquorum
752 821 980 893 continuatos
995 821 1086 893 ictus
1102 822 1151 894 ad
1165 823 1254 896 iores

194 936 387 1009 domorum
398 935 599 1031 aliquarum
608 935 858 1031 effringendas.
873 934 1040 1009 Pulsabat
1054 950 1090 1008 et
1104 937 1253 1011 terrifico

192 1075 284 1123 sono
301 1049 442 1124 assidue
457 1074 653 1149 campana,
672 1035 737 1149 per
756 1075 866 1147 quam
887 1051 982 1125 cives
1002 1052 1050 1124 ad
1075 1076 1254 1127 armorum

192 1170 365 1245 tumultus
378 1170 525 1242 'excitari
542 1170 682 1242 solent,

243 1285 411 1357 Verume
428 1284 588 1379 civibus,
607 1282 730 1356 audito
747 1282 794 1355 ab
813 1286 864 1357 eis
880 1284 980 1382 quod
996 1287 1179 1360 Clivcnses
1192 1314 1255 1388 pro

193 1397 433 1494 Enghelberto
459 1424 525 1471 suo
546 1398 739 1471 domicello
765 1414 890 1472 contra
913 1424 1017 1473 suum
1049 1403 1256 1502 episcopum

192 1516 425 1607 dimicarent,
447 1517 552 1616 pauci
568 1531 604 1588 et
621 1539 734 1614 prope
757 1516 845 1588 nulli
866 1516 912 1589 ad
932 1516 1179 1592 defensionem
1203 1544 1258 1593 ac

193 1648 404 1728 currerunt3
424 1634 508 1726 sed,
528 1632 699 1707 obseratis
716 1634 833 1728 ostiis,
853 1659 928 1708 sese
956 1636 1050 1710 iutra
1066 1637 1162 1710 aedes
1180 1662 1257 1712 suas

193 1747 440 1821 continebant.

241 1865 321 1935 Fuit
347 1865 466 1964 itaque
491 1866 529 1937 in
551 1866 669 1964 platea
689 1864 856 1964 praedicta
879 1866 1056 1964 partium¹
1079 1883 1255 1942 certamen

194 2004 365 2076 magnum
379 1974 624 2079 atque'atrox,
641 1982 678 2052 in
697 2004 771 2076 quo
790 1978 959 2052 occubuit
984 1981 1043 2053 ille
1058 1982 1211 2054 stolidus
1225 1997 1258 2054 et

194 2121 326 2193 procax
356 2099 530 2171 Henricus
558 2097 603 2170 de
631 2093 817 2188 Nievelde,
844 2097 906 2192 qui
933 2098 1042 2169 totius
1065 2097 1176 2194 hujus
1203 2123 1258 2196 ag·

195 2237 333 2308 gressus
374 2229 501 2287 auctor
532 2213 647 2288 fuerat
683 2226 719 2283 et
747 2213 923 2298 incentor.
958 2214 1067 2310 Cujus
1101 2215 1256 2312 prolecto

195 2330 477 2427 casus'perutilis
502 2329 567 2401 suit
589 2345 624 2402 et
638 2327 817 2427 pontifici,
833 2342 876 2407 ⁴et
896 2329 1042 2402 civitati.
1068 2328 1258 2402 Ferebatur

195 2445 293 2515 enirn
315 2469 400 2519 eum
430 2444 638 2519 exsecrabili
658 2460 881 2519 sacramento
902 2445 1060 2519 firmasse
1089 2473 1127 2520 se
1154 2473 1258 2522 manu

196 2585 260 2632 sua
282 2561 384 2662 pium
406 2562 615 2661 pontificem
644 2563 749 2635 luisse
772 2577 1004 2655 necaturum,
1036 2565 1066 2634 si
1088 2565 1205 2637 victor
1227 2579 1258 2636 et

196 2678 313 2750 salvus
329 2677 479 2750 evadere
504 2680 686 2778 potuisset.
711 2683 793 2751 Erat
816 2680 949 2777 quippe
966 2680 1041 2777 ipse
1058 2675 1209 2752 censura
1227 2696 1259 2752 et

141 2883 150 2898 ι
196 2795 368 2892 spirituali
388 2820 561 2868 mucrone
575 2798 704 2867 summi
719 2795 900 2894 pontilicis
915 2797 1255 2890 excommunicatus,

197 2924 405 3005 aggravatus
438 2925 473 2981 et
508 2926 755 3006 reaggravatus
786 2924 892 3007 atque
918 2910 1255 3006 anathematizatus,

198 3028 296 3098 omni
320 3028 500 3125 impietate
523 3017 560 3099 et
580 3027 760 3101 ferocitate
784 3025 960 3124 repletus,
987 3028 1218 3125 quamplures
1240 3053 1258 3100 e

197 3139 335 3213 civibus
361 3157 395 3212 et
420 3142 664 3214 ecclesiasticis
688 3141 827 3215 babens
861 3141 947 3247 odjo
976 3142 1255 3238 implacabiliter.

200 3260 345 3354 Propter
367 3257 463 3355 quod
488 3259 781 3330 clementissimus
807 3257 984 3328 Dominus
1006 3257 1110 3329 valde
1132 3261 1259 3333 utiliter

197 3388 231 3444 et
252 3374 525 3447 misericorditer
543 3374 699 3473 providit
720 3374 870 3467 civitati,
893 3373 992 3472 quod
1014 3388 1099 3447 tam·
1115 3391 1259 3451 cruenta

198 3502 233 3560 et
252 3489 417 3563 immanis
433 3489 552 3563 bellua
569 3491 771 3581 tolleretur;
790 3491 851 3587 qui
868 3489 1047 3590 profecto,
1071 3491 1102 3562 si
1119 3494 1195 3564 voti
1208 3493 1257 3564 sui

197 3604 404 3678 exsecrandi
432 3631 583 3704 compos
601 3607 803 3695 mansisset,
828 3619 863 3676 et
882 3605 1057 3704 plurimos
1081 3622 1257 3680 enecasset

197 3745 282 3792 cum
301 3721 440 3820 optimo
463 3721 655 3821 pontifice,
670 3737 715 3802 'et
731 3720 777 3794 ad
799 3721 1012 3819 explendam
1030 3723 1257 3820 rapacitatem

197 3860 315 3929 suam,
345 3838 429 3933 quia
445 3862 582 3937 pauper
597 3853 634 3909 et
652 3838 758 3935 inops
783 3851 880 3927 erat,
899 3837 955 3908 vel
976 3837 1156 3909 civitatem
1185 3839 1258 3910 uni·
1302 3924 1311 3945 .

198 3981 356 4047 versam,
394 3956 450 4027 vel
471 3956 643 4052 majorem
666 3955 791 4027 saltem
814 3952 1033 4053 locupletum
1065 3955 1256 4028 domorum

235 4213 264 4268 l.
286 4209 437 4268 Matthaeus
446 4211 648 4286 predictarum
656 4214 795 4284 partium.
