2946 5070
598 470 707 545 unm
729 470 882 528 ssxms.
968 507 971 513 ·
1177 478 1184 487 ’
1229 480 1263 535 ss

204 614 293 673 turae
322 599 589 675 inchoationem
616 600 755 697 utrique
782 598 972 693 referrent,
996 627 1078 696 rex,
1112 605 1268 680 collectis

204 719 346 816 magnis
381 734 455 792 tam
491 743 657 812 suorum,
695 741 804 816 quam
838 719 1054 794 Suitensium
1088 723 1267 798 dictorum

203 838 338 936 copiis,
361 837 471 911 duces
495 854 530 910 et
556 837 721 909 tribunos
743 835 899 909 militum
920 840 1164 937 quamplures,
1184 858 1268 914 cum

202 955 362 1026 exercitu
386 955 504 1029 valido
528 969 563 1026 et
585 978 734 1048 magno,
763 953 858 1027 misit
883 955 919 1025 in
943 957 1201 1052 Burgundiam,
1230 973 1270 1031 ut

203 1070 439 1164 comitatum,
457 1094 564 1168 quem
589 1069 708 1142 adbuc
735 1067 808 1142 dus
834 1072 979 1144 Austriae
1008 1072 1169 1168 tenebat,
1200 1075 1268 1150 sibi

203 1186 417 1283 acquireret.
451 1190 530 1258 Jam
566 1186 680 1278 enim,
710 1199 750 1258 ut
782 1199 865 1259 ante
897 1187 1069 1281 diximus,
1098 1189 1268 1264 ducatum

202 1301 419 1396 burgundie
434 1316 549 1396 totum
567 1315 760 1399 occuparat
778 1315 815 1373 et
836 1300 1038 1393 detinebat;
1056 1319 1093 1378 et
1110 1331 1194 1379 cum
1210 1308 1269 1379 illa

202 1417 336 1490 misera
359 1418 473 1515 patria
497 1432 584 1490 tunc
610 1415 858 1490 defensoribus
884 1433 921 1491 et
946 1421 1054 1495 armis
1082 1447 1183 1521 pune
1208 1448 1267 1497 va·

203 1545 310 1605 cuata
323 1547 432 1625 esset,
458 1557 532 1605 non
548 1533 669 1629 magni
685 1530 819 1629 negotii
833 1546 910 1606 erat
925 1549 1025 1608 tanto
1040 1559 1082 1610 ac
1106 1552 1180 1612 tam
1202 1563 1268 1611 nu·

203 1672 349 1721 meroso
365 1649 532 1722 exercitui
549 1650 646 1722 omni
666 1674 766 1747 paene
785 1650 950 1748 praesidio
966 1648 1169 1728 destitutam
1188 1678 1267 1728 eam

203 1763 383 1861 subigere.

252 1882 411 1979 Ingressi'
421 1883 528 1979 igitur
551 1883 654 1979 regii,
669 1898 799 1955 terram
826 1883 945 1976 illam,
974 1907 1151 1958 memores
1175 1887 1268 1960 illius

201 1998 333 2093 cladis,
364 2023 473 2098 quam
503 1998 686 2097 superiore
719 2023 817 2070 anno
848 2015 1080 2098 acceperant,
1109 2026 1193 2073 curn
1221 2003 1267 2076 ab

200 2113 394 2188 obsidione
413 2114 537 2214 oppidi
560 2113 724 2187 Dolensis
747 2112 904 2187 submoti
928 2129 964 2186 et
984 2115 1161 2214 profligati
1185 2116 1267 2191 suis·
1290 2146 1303 2167 ²

200 2232 320 2322 sent¹,
340 2227 516 2326 oppidum
536 2227 655 2325 ipsum
675 2224 840 2299 obsidere
858 2241 895 2299 et
910 2250 1114 2325 expugnare
1134 2243 1267 2302 statue-

201 2359 304 2439 runt,
329 2346 367 2417 in
383 2370 457 2442 quo
480 2344 600 2440 aliqua
619 2368 663 2415 ex
684 2342 924 2436 Suitensibus,
949 2344 1013 2416 sed
1036 2345 1161 2442 exigua
1184 2348 1268 2420 eatis

201 2460 366 2561 praesidia
396 2458 623 2534 exsistebant.
655 2463 745 2530 Cum
776 2475 896 2531 autem
926 2484 991 2557 per
1019 2461 1156 2557 aliquot
1193 2462 1268 2537 dies

200 2576 414 2653 bombardis
429 2592 465 2650 et
480 2576 680 2665 machinis,
699 2600 789 2672 quas
805 2575 875 2647 illic
891 2578 1016 2649 Franci
1029 2580 1069 2651 iu
1086 2581 1192 2678 copia
1205 2581 1268 2654 ad·

202 2709 387 2786 vexerant,
399 2707 748 2765 turresetmurorum
759 2694 1029 2790 propugnacula
1041 2694 1263 2792 dejecissent,

207 2810 385 2909 oppidum
399 2811 515 2908 ipsum
531 2808 666 2905 absque
684 2833 816 2903 magno
833 2809 976 2904 negotio
997 2827 1259 2908 expugnarunt.

201 2931 246 3000 Et
263 2953 366 3021 cram,
382 2928 440 3000 vel
451 2927 566 3017 caesis,
587 2925 643 2998 vel
658 2924 770 3023 captis
787 2924 943 3020 civibus,
961 2928 1116 3025 exceptis
1130 2927 1186 3000 his
1200 2931 1265 3026 qui

199 3043 296 3119 elabi
318 3059 530 3145 potuerunt,
558 3043 682 3116 omnia
707 3042 957 3140 diripuissent,
982 3045 1100 3143 ipsum
1127 3047 1265 3146 insigne

199 3161 388 3260 quondam
409 3161 584 3260 oppidum
602 3158 791 3231 crudeliter
805 3159 973 3234 incendio
989 3181 1264 3241 concremarunt

199 3291 237 3351 et
261 3280 300 3352 in
321 3279 459 3352 eineres
479 3277 691 3373 redegerunt
703 3278 733 3367 ¹3
753 3275 854 3373 quod
882 3294 1046 3375 perante,
1065 3293 1102 3352 et
1120 3280 1263 3354 studen-

199 3393 293 3468 tium
310 3395 556 3487 universitate,
574 3407 611 3466 et
629 3392 728 3464 curia
749 3393 959 3491 parlamenti
977 3394 1069 3467 illius
1086 3410 1187 3470 terrae
1206 3422 1263 3470 su·

202 3536 346 3610 prema,
365 3537 429 3611 per
445 3503 560 3585 annos
570 3511 689 3607 plures
705 3508 821 3581 luerat
836 3509 1054 3607 insignitum.

250 3631 409 3701 Fueurnt
421 3629 485 3726 qui
503 3625 662 3699 dicerent
685 3623 860 3723 oppidum
884 3625 1007 3699 [raude
1023 3629 1258 3724 Suitensium,

200 3745 265 3844 qtii
278 3745 351 3817 illic
366 3768 433 3843 pro
445 3741 608 3843 praesidio
621 3738 832 3833 adstabant,
844 3745 988 3816 Francis
998 3768 1041 3817 ac
1054 3744 1262 3818 contribuli-

201 3858 270 3934 bus
283 3863 374 3955 suis,
393 3862 455 3958 qui
470 3861 509 3931 iu
523 3855 676 3930 exercitu
694 3857 785 3952 regis
803 3874 924 3951 erant,
940 3859 1043 3932 luisse
1062 3861 1258 3959 proditum.

202 3977 272 4050 Sed
289 3977 387 4075 quod
405 3979 455 4049 ita
471 3974 595 4066 fixerit,
614 3986 839 4071 compertum
855 3975 938 4049 satis
960 4001 1036 4048 non
1062 3976 1257 4072 habemus;

242 4136 272 4190 l.
294 4135 368 4207 Voy.
383 4129 535 4200 ridemus,
550 4129 632 4206 pat.

242 4227 271 4283 2.
295 4225 352 4284 Mai
367 4226 457 4282 ll't9.
