2946 5070
200 471 257 528 aso
624 465 835 536 momen,

199 601 335 673 verensi
351 613 592 698 exposuerunt
613 598 794 693 angustias
810 610 846 667 et
857 608 977 669 ‘metus
1000 592 1205 703 inquibus,
1224 598 1269 670 ob

198 717 338 790 servitia
355 740 378 788 a
393 739 430 787 se
446 715 551 786 nobis
566 712 725 786 exhibita
737 727 778 784 et
795 735 903 786 causa
918 714 1046 802 nostri,
1066 729 1172 787 eram
1190 739 1269 786 con-

199 835 332 926 stituti,
359 854 581 932 pavoresque
602 829 734 926 quibus
757 830 834 902 sine
858 829 933 902 ulla
953 829 1157 905 monnone
1181 831 1268 905 affli-

200 947 387 1045 gebantur,
402 948 490 1019 dum
507 971 582 1018 non
596 947 693 1019 aliud
708 970 825 1043 neque
838 945 917 1044 ipsi,
931 968 1051 1044 noque
1062 947 1180 1019 &teri
1193 948 1265 1044 qni,

199 1067 255 1139 vel
274 1065 465 1138 scribendo
480 1065 537 1135 vel
555 1063 601 1135 ad
622 1088 688 1135 nos
705 1061 907 1154 veniendo,
923 1086 986 1133 seu
1012 1085 1186 1136 nummos
1202 1058 1267 1135 de·

201 1181 366 1274 ferendo,
409 1180 515 1253 nobis
544 1179 806 1268 ministrarant,
848 1179 885 1249 in
918 1177 994 1250 dies
1024 1186 1267 1277 exspectarent

201 1326 310 1399 quam
337 1300 433 1397 quod
469 1298 514 1371 ad
545 1298 719 1396 supplicia
751 1311 787 1368 et
810 1319 933 1394 poenas
958 1318 1027 1393 pro
1057 1294 1265 1393 bulusmddi

201 1419 315 1490 causis
337 1417 414 1514 rapi
437 1414 630 1505 deberent3
652 1437 724 1485 nna
748 1413 823 1486 sola
848 1413 906 1484 via
925 1411 992 1483 sibi
1023 1412 1141 1484 afferri
1164 1420 1266 1512 posse

202 1548 327 1605 contra
349 1531 556 1629 hujusmodi
578 1531 735 1629 pericula
758 1529 975 1618 remedium,
1003 1530 1032 1600 si
1056 1529 1106 1601 ad
1127 1530 1266 1628 placan-

202 1649 290 1722 dum
315 1673 504 1721 accensum
533 1648 570 1718 in
598 1671 666 1719 nos
688 1661 794 1744 atque
822 1647 859 1716 in
889 1669 926 1717 se
945 1659 980 1716 et
1005 1660 1175 1744 creteroS,
1209 1650 1266 1747 qui

203 1763 308 1836 nobis
321 1764 533 1856 servierant,
554 1762 665 1834 nostri
686 1785 793 1834 causa
821 1762 982 1832 animum
1005 1762 1168 1857 regium,
1195 1786 1265 1836 ces·

202 1878 340 1950 sionem
359 1879 513 1951 ecclesiae
532 1893 660 1951 nostrae
684 1875 798 1949 lacere
820 1876 1012 1965 vellemus,
1037 1877 1097 1947 cui
1115 1876 1161 1948 de
1186 1888 1266 1976 per-

203 2018 292 2068 sona
306 1996 380 2091 regi
393 2009 491 2091 grata
506 1994 772 2095 provideretur3
790 1991 862 2063 hoc
879 1990 990 2064 modo
1013 1992 1267 2088 indignationis

204 2112 307 2205 regiae
333 2125 458 2183 contra
484 2135 521 2183 se
534 2124 579 2183 'et
604 2111 723 2209 plures
750 2109 839 2180 alios
864 2107 1036 2180 honestos
1061 2109 1180 2202 circe,
1208 2112 1266 2208 qui

204 2225 398 2321 aliquando
424 2227 461 2297 in
491 2226 620 2297 nostris
636 2222 942 2324 persecutionibus
957 2222 1064 2295 nobis
1088 2226 1268 2297 ministra-

205 2356 300 2432 rant,
319 2342 568 2438 impositorum
584 2341 670 2430 sibi,
699 2341 781 2413 licet
804 2339 1043 2437 iniquissime,
1076 2341 1266 2412 criminum

204 2454 438 2527 abolitionem
465 2471 500 2528 et
524 2457 796 2528 exstinctionem
827 2456 977 2553 vitaeque
1009 2471 1045 2527 et
1078 2471 1192 2529 status
1216 2459 1267 2529 sui

204 2573 427 2646 securitatem
459 2588 652 2670 utcumque
678 2573 849 2670 consequi
875 2595 979 2672 posse
1012 2596 1174 2670 sperare,
1205 2600 1266 2647 no·

206 2689 329 2786 bisque
347 2690 503 2785 quietem
521 2704 556 2763 et
573 2690 865 2787 tranquillitatem
884 2715 948 2788 per
964 2689 1037 2761 hoc
1055 2690 1265 2788 parandam,

205 2830 288 2878 cum
305 2805 350 2879 ab
368 2805 541 2905 improbis
553 2805 771 2878 delatoribus
784 2820 821 2878 et
836 2804 1159 2879 calumniatoribus
1168 2807 1270 2904 hujus

206 2922 256 2993 rei
270 2924 380 3018 gratia
396 2923 577 3021 potissime
590 2923 688 3020 apud
701 2923 813 3020 regias
825 2948 928 2995 aures
935 2923 1123 2994 calumuiae
1135 2938 1270 2997 structa

206 3059 241 3115 et
269 3046 491 3116 concinnatae
517 3042 706 3116 adversum
739 3069 806 3115 nos
832 3043 983 3137 luerint,
1018 3059 1059 3115 ut
1090 3043 1140 3115 ad
1165 3044 1272 3119 eccle-

205 3160 295 3231 siam
332 3177 490 3233 nostram
523 3186 591 3258 pro
625 3185 661 3232 se
700 3175 762 3232 aut
793 3185 941 3233 suorum
968 3161 1090 3258 aliquo
1124 3162 1271 3261 propin·

206 3304 361 3376 quorum
378 3282 549 3377 attingere
568 3296 728 3379 possent;
757 3282 941 3354 ecclesiam
971 3281 1017 3353 ad
1041 3306 1188 3354 causam
1210 3281 1271 3356 ab·

206 3397 325 3467 sentiae
346 3412 474 3470 nostrae
488 3422 631 3496 passam
648 3412 754 3495 atque
773 3399 810 3469 in
835 3398 911 3470 dies
931 3399 1005 3497 pati
1034 3413 1070 3470 et
1098 3402 1272 3474 sustinere

207 3512 610 3607 maximadetrimenta,
631 3539 695 3612 per
718 3514 789 3587 hoc
811 3514 910 3610 quod
932 3540 993 3586 rex
1020 3518 1271 3614 temporalium

205 3628 384 3725 ejusdem,
404 3630 441 3701 in
459 3629 590 3727 quibus
607 3629 716 3701 serme
734 3655 859 3702 omnes
881 3631 957 3727 ejus
972 3632 1174 3703 consistunt
1190 3658 1272 3730 pro·

206 3760 352 3836 ventus,
385 3769 482 3818 nunc
512 3745 576 3816 uni
607 3770 704 3818 nunc
735 3746 857 3838 alteri,
886 3761 922 3818 et
949 3772 1050 3844 paene
1078 3751 1272 3844 quotannis

205 3863 308 3933 novis
329 3861 557 3959 praedonibus
573 3861 917 3934 administrationem
931 3863 1123 3961 permittit;
1144 3890 1271 3938 census

204 3992 239 4049 et
258 3979 339 4075 jura
363 3980 516 4052 ecclesiae
546 3978 692 4051 alienari
723 3994 830 4075 atque
856 3977 1021 4073 distrahi,
1054 3980 1161 4058 silvas
1193 4007 1270 4055 suc·

205 4095 293 4187 cidi,
313 4095 448 4168 nobilia
464 4119 612 4194 quaeque
634 4094 783 4168 aedilicia
805 4120 848 4167 ex
866 4111 965 4194 parte
979 4096 1053 4192 jam
1070 4097 1109 4168 in
1127 4099 1270 4172 ruinam

205 4212 341 4310 dilapsa
359 4228 464 4309 atque
484 4213 521 4283 in
538 4212 614 4284 dies
636 4209 787 4306 collabi,
807 4238 890 4284 cum
904 4213 966 4303 hi,
985 4213 1118 4312 quibus
1134 4218 1269 4290 reditus
