2946 5070
505 475 613 533 maa
643 476 795 533 SEXTUS.
1138 478 1175 534 tt

116 623 225 707 atque
241 607 401 681 officiarii
417 608 491 697 sui,
518 631 655 705 suoque
672 607 864 681 assidentes
879 608 1000 699 lateri,
1020 621 1055 678 et
1069 609 1176 680 veluti

115 725 329 823 principales
353 725 483 797 domus
509 750 598 812 suae,
623 722 691 796 sibi
720 725 907 797 familiares
933 726 1173 824 exsisterent),

115 839 188 912 hoc
202 856 322 914 tamen
335 840 481 912 minime
498 841 686 938 impetrare
699 841 828 939 potuit,
842 855 981 912 tantum
993 841 1039 913 ad
1051 867 1176 915 eorum

116 956 354 1053 perditionem
373 955 608 1028 multitudinis
623 956 734 1028 animi
751 955 968 1028 ferebantur.

165 1077 300 1145 Contra
312 1097 375 1145 eos
386 1073 507 1168 igitur,
518 1095 641 1144 coram
654 1072 829 1170 praedictis
843 1074 966 1172 oppidi
978 1074 1177 1147 Gandensis

116 1187 379 1285 magistratibus
403 1204 509 1286 atque
536 1187 704 1284 delegatis
732 1214 754 1261 a
777 1190 882 1261 variis
904 1202 981 1261 tum
1010 1190 1173 1289 oppidis,
1204 1181 1207 1186 ’

115 1319 193 1375 tum
207 1304 353 1403 privatis
365 1303 586 1376 diversorum
598 1320 752 1377 statuum
766 1319 801 1377 et
813 1305 987 1401 graduum
1001 1307 1174 1404 personis,

115 1435 224 1516 prout
241 1443 535 1517 unumquemque
557 1421 702 1494 ultionis
717 1418 763 1493 de
779 1421 862 1520 ipsis
883 1421 1062 1520 capiendae
1078 1423 1177 1520 cupi·

114 1533 228 1627 ditas,
259 1536 316 1608 vel
341 1552 492 1634 acceptae
521 1534 568 1607 ab
594 1538 644 1608 eis
666 1536 803 1632 injuriae
825 1537 1024 1610 recordatio
1053 1562 1177 1637 perur-

114 1649 240 1745 gebat,
266 1650 312 1722 de
334 1650 482 1732 diversis
508 1651 623 1722 causis
647 1665 682 1722 et
705 1650 868 1748 capitulis
896 1653 1042 1747 quaestio
1066 1652 1176 1725 habe·

113 1766 233 1840 batur.
266 1770 380 1868 Super
405 1765 641 1864 quibuscum
670 1764 734 1838 diu
755 1765 859 1860 satis,
887 1768 934 1840 ad
954 1769 1179 1860 instruendas

114 1884 405 1956 criminationum
431 1907 573 1975 causas,
603 1883 710 1955 etiam
738 1906 850 1981 usque
871 1883 918 1956 ad
946 1885 1177 1981 quaestionem

115 1999 271 2098 deipsis
301 2015 502 2098 acceptam,
535 2024 721 2097 processus
750 1997 926 2073 deductam
957 2001 1178 2101 agitatusque

115 2116 258 2205 sitisset,
277 2114 562 2214 duceremurque
589 2114 732 2214 publice
759 2113 805 2188 de
829 2115 949 2187 multis
969 2117 1178 2192 criminibus

114 2232 197 2304 satis
214 2231 423 2304 enormibus
446 2233 580 2328 injure
605 2209 763 2304 confessi
781 2246 817 2303 et
838 2233 1009 2324 convicti,
1031 2234 1176 2308 tandem

113 2347 303 2445 capitalem
318 2348 529 2419 sententiam
544 2361 758 2445 acceperunt
773 2352 795 2417 ¹.

163 2465 207 2531 Et
224 2462 386 2558 quamvis
400 2486 421 2534 a
436 2461 584 2534 diversis
605 2461 708 2533 valde
729 2460 933 2534 differenter
953 2463 999 2537 de
1015 2465 1177 2562 capitulis

113 2576 327 2669 criminum,
352 2601 419 2675 pro
439 2576 571 2675 quibus
597 2576 773 2675 supplicio
795 2576 987 2674 adjudicati
1011 2579 1173 2675 fuerunt,

112 2689 315 2785 referretur,
345 2691 429 2765 talia
454 2705 596 2784 tamen,
627 2692 719 2763 inter
745 2691 878 2785 multa,
902 2695 1011 2765 retexi
1040 2719 1062 2767 a
1092 2697 1176 2769 viris

113 2804 349 2903 prudentibus
363 2805 584 2897 audivimus,
603 2831 682 2902 quae
703 2807 798 2902 leges
812 2831 969 2879 romanae
985 2825 1176 2883 sanxerunt

113 2922 240 2997 ultimo
263 2924 439 3022 supplicio
464 2922 674 3021 punienda:
696 2947 904 3020 quanquam
928 2924 1176 3021 hujuscemodi

114 3038 284 3138 pleraque
302 3041 386 3113 talia
407 3054 527 3132 erant,
553 3064 655 3136 quae,
683 3039 775 3112 duce
796 3042 926 3114 Carolo
954 3043 1172 3141 imperante,

112 3156 261 3229 minime
276 3182 343 3257 pro
358 3158 508 3230 crimine
525 3153 761 3230 ducebantur.
782 3159 886 3254 Atqui
902 3160 1085 3258 profecto,
1111 3164 1175 3235 etsi

113 3272 159 3343 de
172 3273 334 3370 pluribus
349 3273 644 3347 concussionibus
656 3290 692 3346 et
708 3276 998 3374 corruptionibus
1010 3279 1060 3349 rei
1078 3293 1175 3351 tene·

111 3404 249 3482 rentur,
268 3415 311 3464 ea
330 3405 450 3463 tamen
473 3391 660 3488 potissima
679 3393 758 3463 neci
785 3405 820 3464 et
837 3393 1013 3490 supplicio
1033 3393 1176 3491 adjudi-

112 3505 220 3578 candi
239 3505 345 3579 fuisse
365 3532 387 3579 a
410 3505 701 3604 pmdentioribus
716 3532 824 3580 causa
841 3506 1046 3606 putabatur,
1065 3534 1175 3605 quare

112 3645 176 3693 eos
200 3621 247 3693 de
269 3622 390 3695 medio
407 3612 542 3695 'auferri
571 3622 762 3695 multitudo
789 3624 965 3722 praecipue
987 3625 1175 3700 affectabat

112 3738 226 3833 quod,
245 3738 292 3811 de
309 3738 537 3811 conciliando
550 3762 636 3810 cunr
652 3764 733 3834 rege
749 3764 888 3838 pacem,
903 3754 938 3812 et
952 3740 1176 3840 copidando'

112 3879 215 3926 suam
235 3856 482 3954 principissam
506 3854 736 3929 matrimonio
756 3880 840 3928 cum
859 3855 934 3929 filio
956 3857 1052 3953 ejus,
1069 3858 1174 3932 affec·

113 3970 249 4042 tionem
260 3996 383 4068 gerere
400 3970 633 4044 aestimabant.

154 4132 184 4189 l.
206 4131 335 4205 Lejeudi
347 4132 557 4207 saint,3avril
573 4135 661 4191 ll'li.

156 4227 186 4285 2.
209 4229 404 4303 copulandam
415 4226 488 4285 dans
499 4224 527 4284 le
541 4245 595 4287 ms.

397 4360 407 4403 ι
