2946 5070
573 459 684 517 unm
704 457 895 518 snmus.
1208 460 1266 522 llll

199 588 341 682 tenerit,
356 589 437 684 quis
453 587 583 662 referre
598 589 793 684 suffecerit,
813 606 853 664 ut
874 591 1113 665 Pictavensem
1130 596 1267 692 episco-

200 711 319 805 pum‘,
338 707 648 806 archiepiscopum
671 707 969 782 Ebrudunensem
977 713 1001 802 ⁸,
1030 710 1268 811 archiepisco·

198 849 289 922 pum
314 824 617 918 Bituricensem⁸‚·
636 823 872 926 [episcopum]
902 824 1210 921 laudunensem,
1233 843 1269 902 at

198 941 289 1015 dios
304 965 405 1039 paene
420 941 737 1014 innumeros-viros
753 943 937 1039 religione,
952 944 1125 1041 sapientia
1141 959 1177 1018 et
1188 946 1268 1018 vitae
1385 1044 1394 1055 ·

199 1058 400 1155 integritate
423 1052 656 1157 prestantes?

250 1177 295 1247 Et
306 1174 382 1247 haec
391 1174 539 1272 quidem
551 1198 642 1248 saeva
655 1189 762 1273 atque
775 1173 933 1247 crudelia
948 1177 1056 1248 etiam
1070 1177 1107 1249 in
1119 1177 1268 1251 multon⁸

198 1293 356 1366 exercuit
364 1346 384 1385 ,.
395 1290 526 1388 quibus
540 1292 689 1388 gratiam
705 1316 770 1392 per
782 1292 905 1366 'edicta
922 1292 1067 1391 publica
1084 1308 1121 1365 et
1142 1293 1268 1366 indul-

198 1410 356 1506 gentiam
374 1408 590 1507 plenariam,
610 1411 641 1481 si
658 1432 702 1483 ea
717 1408 876 1505 indigere
894 1411 1104 1508 potuissent,
1118 1412 1268 1510 ipsemet

199 1531 452 1602 mnnessetav.
465 1528 535 1600 Sed
550 1543 627 1602 esto
644 1527 743 1626 quod
756 1529 914 1599 insontes
930 1528 1060 1623 sonent,
1071 1529 1149 1601 vett
1160 1530 1268 1602 etiam

198 1668 265 1743 pro
278 1645 405 1751 aliquo.
416 1669 483 1745 pet·
494 1669 556 1717 eos
575 1644 765 1718 adversum
782 1668 819 1718 se
836 1642 993 1718 admisso
1009 1646 1156 1718 inissent
1175 1645 1269 1743 juste

198 1759 395 1857 puniendi,
424 1785 491 1832 nec
516 1785 581 1833 sua
596 1775 717 1833 tamen
735 1785 797 1833 eos
820 1760 1040 1854 innocentia,
1064 1786 1132 1834 nec
1151 1762 1269 1835 indul·

199 1876 317 1972 gentia
337 1877 567 1975 quantumvis
583 1897 747 1975 expressa
762 1877 812 1948 eis
831 1877 869 1948 in
889 1877 964 1950 ullo
981 1892 1120 1976 poterat
1146 1877 1269 1952 suffra·

198 1995 288 2090 gari.
304 1996 396 2066 Cum
413 1995 512 2066 enim
537 2018 605 2066 nec
620 1998 712 2087 Deo,
735 2017 802 2066 nec
821 1994 963 2068 homini
978 1984 1081 2094 paene
1108 1974 1269 2092 unquam

199 2109 309 2184 iidem
339 2125 511 2184 servasset
538 2110 627 2209 (ubi
657 2111 811 2183 maxime
840 2111 1038 2210 quidquam
1066 2112 1269 2209 promisisse

199 2250 283 2301 enm
298 2250 343 2300 ex
353 2241 437 2328 poet
449 2227 543 2301 sacto
556 2228 774 2328 poeniteret),
792 2243 870 2300 tum
884 2229 1041 2301 maxime
1058 2227 1104 2300 ad
1122 2228 1271 2326 promia·

200 2367 324 2418 eorum
342 2343 383 2417 in
404 2340 584 2443 nibjeotos
607 2344 693 2439 sibi,
723 2345 979 2442 cujuscumque
1000 2343 1189 2445 disslllfflfil.
1209 2359 1270 2417 ant

200 2479 312 2539 statua
323 2462 460 2555 intent,
478 2462 768 2539 observationem
786 2490 825 2537 se
841 2467 988 2538 minime
1004 2464 1118 2536 teneri
1136 2462 1266 2535 aiebat.

200 2584 308 2670 Quod
326 2599 364 2658 et
379 2584 498 2685 ipsum
516 2583 643 2655 dixisse
664 2582 846 2676 Edoard0‚
868 2584 1062 2679 anglorum
1075 2581 1163 2677 regi,
1182 2581 1271 2654 mla·

202 2715 280 2773 tum
295 2705 377 2775 θεῖ’.
398 2704 488 2774 Nam
505 2726 589 2773 cum
603 2699 698 2773 idem
711 2700 906 2796 Anglorum
920 2725 994 2790 rex,
1009 2723 1093 2770 cum
1104 2721 1178 2794 quo
1195 2698 1270 2796 ipse

243 2916 272 2972 l.
294 2912 418 2972 Thomas
436 2912 523 2971 Basin
537 2931 568 2971 se
581 2922 706 2991 trompe.
721 2914 777 2970 Lea
791 2909 862 2970 trois
876 2910 1003 2989 &tiques
1020 2911 1114 2989 quise
1128 2922 1193 2970 snnt
1206 2928 1270 2970 suc·

202 3007 273 3067 ne'dt'e
289 3029 340 3067 sur
357 3010 385 3068 le
399 3008 477 3088 siige
491 3007 528 3066 de
543 3007 665 3067 Poitiers
678 3005 807 3087 pendant
822 3008 851 3065 le
866 3008 954 3086 tigne
968 3004 1004 3065 de
1020 3007 1109 3066 Louis
1123 3011 1182 3080 xl,
1198 3011 1270 3067 Jean

202 3100 244 3160 du
256 3101 365 3173 Bellai‚
380 3100 547 3160 Guillanme
559 3099 598 3160 de
611 3100 696 3158 ctuni
710 3111 740 3161 et
752 3100 852 3159 Pierre
864 3095 1051 3174 d’Amboise‚
1066 3112 1117 3159 ont
1131 3112 1194 3159 tous
1207 3100 1270 3173 joui

202 3193 240 3254 de
255 3194 283 3254 la
297 3195 399 3254 saveur
413 3194 453 3253 dn
468 3195 525 3254 roi.

243 3293 275 3350 2.
297 3292 370 3349 Jean
383 3288 480 3361 Belle,
496 3288 681 3368 manentique
697 3287 868 3350 d’Ernbrun.

245 3386 274 3443 3.
293 3384 372 3444 Ἰοιη
379 3386 476 3456 Coenr,
489 3383 675 3463 amheveqne
687 3384 724 3445 de
737 3389 886 3465 Ennega,
900 3401 939 3447 ne
949 3384 992 3444 int
1002 3404 1055 3464 pas
1067 3383 1229 3465 pendenti.
1245 3384 1270 3447 ll

203 3478 346 3558 ipronva,
363 3478 485 3539 ausaitdt
500 3480 586 3558 apris
599 3478 793 3540 l'avenement
806 3477 846 3538 du
861 3478 917 3551 roi,
931 3498 990 3538 une
1009 3477 1140 3561 diagrdca
1158 3478 1195 3539 de
1213 3496 1272 3560 pen

204 3574 241 3636 de
256 3576 346 3637 dut-ie
362 3576 491 3658 pendant
505 3576 631 3657 laquelle
647 3577 745 3638 ilvint
762 3576 887 3659 priclier
900 3579 917 3635 *a
930 3576 1022 3637 Paris.
1041 3580 1140 3637 Gallia
1158 3578 1270 3652 chrisa,

204 3680 227 3728 t.
245 3673 286 3743 11,
300 3670 356 3732 col.
373 3674 423 3733 89.

246 3769 275 3825 l.
297 3764 417 3826 Charles
430 3762 694 3848 demendam,
706 3763 818 3846 eaeque
830 3756 867 3825 d'e
879 3768 972 3842 Lanu,
984 3763 1029 3826 fils
1043 3763 1083 3826 dn
1098 3762 1271 3826 connitable

205 3858 422 3922 &saint-Pol.
1266 3881 1269 3889 ·

247 3959 276 4015 ll.
298 3960 353 4018 Ma.
369 3962 478 4019 multis.

245 4051 275 4113 6.
299 4050 430 4112 Alluaion
444 4055 462 4111 a
476 4051 601 4133 l’antenr
614 4048 776 4112 lui-mimo.

248 4150 277 4204 7.
300 4150 354 4205 Ms.
368 4161 398 4205 et
409 4146 468 4207 nbi.

247 4240 276 4300 8.
300 4244 373 4303 sm
386 4241 476 4304 doute
488 4243 507 4302 l
518 4242 583 4302 lem
594 4253 735 4302 entreme
748 4236 786 4302 de
799 4236 973 4322 Pieqniguy,
987 4256 1024 4300 en
1039 4240 1128 4300 titt.
