2946 5070
566 511 676 568 LIBER
696 504 886 569 sumnus.
1195 518 1253 573 ttr

199 658 235 716 et
263 643 387 715 vicinis
417 643 535 734 terris,
564 640 710 714 dimisso
738 642 914 735 exercitu,
947 641 1116 716 discessit.
1146 647 1257 719 Aliam

200 773 323 860 postea
346 759 513 831 adversus
532 756 698 829 eumdem
718 759 903 830 Britannice
917 759 1046 830 ducem
1063 760 1258 873 expeditio·

201 876 406 949 nemetiam
420 876 611 947 maximam
629 873 746 961 duxit3
765 873 826 944 sed
841 898 923 945 cum
941 875 986 946 ad
1003 875 1131 947 limites
1146 902 1260 977 usqne

199 992 385 1064 hostilium
400 1006 574 1063 terrarum
592 991 697 1062 etiam
715 992 947 1087 pervenisset,
965 992 1180 1088 sentiretque
1195 993 1260 1065 du·

200 1132 279 1180 cem
300 1109 337 1179 in
359 1109 482 1180 limine
506 1108 560 1178 sui
586 1092 778 1200 districtus,
804 1121 988 1179 contracto
1012 1108 1185 1201 exercitu,
1213 1109 1260 1182 ad

200 1221 290 1295 fines
307 1249 390 1296 suos
406 1222 576 1295 tutandos
591 1236 825 1323 praeparatum
838 1246 926 1313 csse,
947 1247 1013 1294 nec
1031 1223 1167 1318 ingredi
1181 1226 1261 1319 qui·

200 1341 304 1432 dem,
329 1366 395 1412 nec
418 1340 586 1412 adversus
605 1340 765 1431 hostem,
791 1364 899 1436 quern
916 1341 1016 1435 juxta
1036 1341 1158 1413 adesse
1182 1367 1261 1413 sen-

199 1456 327 1549 tiebat,
347 1457 523 1552 ·congredi
545 1481 650 1528 ausus
671 1471 742 1549 est,
766 1455 829 1527 sed
848 1457 997 1554 turpiter
1021 1460 1103 1530 satis
1126 1475 1162 1531 et
1187 1461 1262 1532 sine

200 1573 341 1646 bonore
357 1574 403 1645 ad
424 1575 571 1671 propria
587 1574 768 1645 remeavit.

249 1689 346 1776 Quid
361 1714 446 1759 vero
461 1688 506 1760 de
524 1689 592 1760 illis
606 1690 743 1784 magnis
758 1688 883 1785 copiis,
904 1713 993 1785 quas
1008 1690 1139 1787 pluries
1155 1706 1190 1763 et
1204 1717 1261 1764 va·

199 1805 261 1876 riis
281 1805 317 1875 in
335 1803 423 1876 locis
440 1820 546 1903 atque
561 1803 784 1903 temporibus
803 1819 930 1876 contra
951 1804 1080 1877 ducem
1103 1812 1263 1903 Burgun-

200 1920 268 1993 diae
293 1923 461 1994 Carolum
483 1923 520 1992 in
545 1946 691 2020 campos
720 1922 858 2013 eduxit,
883 1922 1102 1994 censendum
1126 1925 1264 1997 duxeri·

200 2035 304 2111 urus?
332 2039 489 2108 Primum
509 2038 605 2135 apud
628 2038 949 2130 MontemHericii,
975 2038 1036 2109 ubi
1060 2065 1143 2111 cnm
1162 2040 1264 2112 hoste

200 2176 426 2248 congressus,
454 2178 537 2224 cnm
563 2178 646 2225 eum
659 2178 739 2225 non
764 2178 876 2251 parvo
906 2152 1077 2226 affecisset
1105 2154 1261 2249 damn0,

202 2283 321 2340 tamen
338 2268 422 2339 inde
434 2270 582 2367 turpiter
599 2270 698 2365 sugit,
710 2270 833 2340 relicto
847 2268 986 2342 honore
1000 2270 1070 2341 suis
1085 2270 1262 2364 hostibus,

202 2382 265 2477 qui
285 2382 322 2451 in
339 2381 421 2454 loeo
437 2382 638 2454 certaminis
659 2397 771 2454 castra
790 2405 854 2453 sua
874 2405 938 2479 per
959 2380 1035 2455 dies
1053 2382 1188 2480 aliquot
1204 2385 1266 2455 ha-

202 2494 371 2588 buerunt,
388 2514 577 2595 postquam
594 2497 678 2568 inde
694 2521 736 2569 ac
750 2498 778 2568 si
793 2498 907 2569 victus
919 2497 1121 2592 diffugerat.
1141 2504 1265 2571 Postea

204 2637 289 2685 vero
311 2628 415 2710 pacta
437 2638 520 2684 curn
544 2613 673 2685 eodem
700 2638 775 2685 non
790 2614 904 2685 multo
926 2629 1008 2712 post
1028 2613 1168 2686 foederis
1188 2640 1267 2713 per·

139 2824 143 2829 ¹
204 2731 323 2815 cussit,
345 2754 409 2828 per
422 2756 499 2827 quae
511 2729 685 2802 reddebat
698 2729 764 2800 sibi
779 2755 904 2802 omnes
915 2732 1072 2833 civitates
1087 2746 1122 2802 et
1133 2731 1265 2828 oppida

205 2871 284 2944 qnae
294 2872 400 2945 supra
411 2849 542 2920 flumen
553 2851 762 2919 Summonae
770 2846 863 2918 ultro
874 2848 1034 2944 citroque
1046 2849 1263 2938 consistunt;

206 2987 284 3060 quse
306 2964 414 3061 paulo
437 2979 519 3036 ante
544 2978 683 3061 apatre
707 2985 790 3050 suo,
816 2963 940 3059 quiea
963 2963 1057 3034 velut
1080 2964 1267 3060 pignorata

206 3093 386 3172 tenuerat,
406 3079 603 3152 redemerat
619 3094 725 3174 atque
742 3079 856 3150 luerat
874 3102 1013 3151 summa
1028 3078 1266 3175 quadringen-

207 3209 325 3267 torum
344 3195 494 3268 millium
520 3208 702 3266 scutorum
720 3194 809 3267 auri.
834 3198 940 3265 Dono
962 3194 1068 3266 etiam
1088 3195 1120 3265 ei
1140 3195 1268 3291 adjecit

207 3325 317 3385 terras
341 3309 402 3408 [et]
427 3311 673 3409 praeposituras
694 3310 823 3406 quibus
841 3335 906 3381 nec
927 3311 1002 3409 ipse
1022 3313 1188 3399 Carolus,
1208 3336 1267 3382 ne·

208 3459 278 3532 que
297 3435 405 3532 ipsius
426 3435 564 3529 genitor
579 3450 683 3521 antea
698 3435 801 3531 potiti
819 3433 987 3506 fuerant¹.

257 3550 366 3623 Aliam
405 3551 511 3621 etiam
545 3549 774 3647 postmodum
807 3548 1070 3646 expeditionem
1101 3548 1268 3621 adversus

209 3666 375 3738 eumdem
390 3667 557 3738 Carolum
577 3667 706 3738 ducem
730 3666 823 3756 secit,
843 3667 879 3736 in
894 3688 978 3762 qua,
997 3690 1080 3736 cnm
1098 3666 1269 3737 maximas

209 3782 368 3878 undique
391 3783 550 3879 equitum
570 3797 604 3853 et
618 3782 778 3880 peditum
795 3784 1024 3854 contraxisset
1038 3784 1159 3880 copias
1175 3783 1268 3852 circa

210 3899 472 3996 Compendium
490 3913 524 3970 et
541 3900 768 3991 Noviomum,
787 3912 821 3969 et
839 3898 1001 3969 sensisset
1016 3896 1182 3969 eumdem
1200 3894 1268 3966 du·

210 4040 288 4088 cem
305 4016 412 4087 etiam
436 4039 519 4085 curn
541 4015 679 4109 magnis
701 4015 812 4111 copiis
838 4017 1008 4085 Peronam
1035 4036 1146 4108 usque
1162 4012 1266 4108 oppi-

251 4251 279 4305 ι.
298 4251 373 4323 roy.
389 4259 409 4304 t.
424 4250 469 4317 11,
481 4266 512 4326 p.
526 4250 595 4305 tas.
