2946 5070
523 501 632 560 unm
661 498 850 582 seruitus.
1159 503 1217 561 tte

153 631 317 705 ducentis
335 647 395 705 aut
409 633 575 705 trecentis
591 631 751 703 virorum
770 645 1008 724 armatorum,
1031 633 1113 704 exiit
1135 633 1218 704 civi·

152 762 284 842 tatem,
302 749 364 821 itto
381 773 589 848 proponens
605 746 803 846 proficisci,
825 761 862 818 et
883 748 1017 820 castelli
1040 748 1216 841 nancisei,

152 878 193 937 ut
206 860 395 955 dominus,
411 860 684 963 possessionem.
700 865 833 937 Verum
848 866 966 937 statim
985 880 1025 936 ut
1043 864 1135 965 [iter]
1153 890 1219 939 ar-

151 981 331 1080 ripuerat,
351 982 519 1054 nuntium
540 981 679 1079 accepit
705 980 802 1077 quod
816 979 1047 1053 Hollandrini
1063 995 1218 1054 castrum

151 1097 387 1192 obsidebant,
413 1097 504 1171 illud
528 1096 576 1170 ad
596 1121 724 1170 manus
743 1121 825 1170 suas
850 1097 1033 1196 cupientes
1060 1097 1215 1191 habere,

151 1214 252 1311 quod
276 1216 305 1287 si
327 1213 461 1287 habere
479 1214 698 1313 potuissent,
716 1213 867 1285 intentio
881 1236 1008 1285 eorum
1022 1238 1097 1286 esse
1113 1229 1217 1312 puta·

150 1329 259 1404 batur
276 1331 376 1429 quod
391 1330 462 1403 loci
478 1330 715 1402 munitionem
733 1328 893 1401 funditus
909 1324 1121 1420 everterent,
1141 1344 1218 1403 tum

149 1447 190 1520 in
206 1446 332 1519 odium
346 1445 486 1520 domini
503 1446 548 1518 de
566 1448 747 1544 Montsort
758 1445 881 1535 ,illius
898 1445 1057 1539 domini,
1078 1471 1161 1518 cum
1183 1462 1219 1519 et

149 1579 298 1664 propter
311 1564 530 1636 vicinitatem
547 1561 593 1634 ad
610 1574 720 1636 terras
737 1555 947 1655 Hollandiae,
962 1561 1060 1658 quod
1077 1561 1123 1634 de
1139 1563 1215 1656 illo,

149 1680 275 1778 priscis
287 1702 330 1751 ac
345 1678 529 1751 modernis
545 1677 653 1750 etiam
671 1676 905 1775 temporibus,
919 1677 1053 1752 damna
1064 1679 1218 1777 plurima

147 1796 308 1894 perpessi
330 1794 490 1866 fuissent.
520 1797 602 1882 Quo
624 1805 772 1891 accepto
801 1793 947 1887 nuntio,
973 1818 1056 1865 oum
1082 1793 1219 1866 videret

148 1936 216 2011 per
232 1911 304 1984 hoc
318 1912 544 2011 propositum
561 1935 667 1983 suum
690 1910 877 2010 impediri,
902 1910 947 1983 ad
964 1912 1143 1986 civitatem
1165 1929 1218 1986 est

148 2052 330 2120 reversus,
350 2051 418 2099 neo
431 2025 571 2099 efficere
584 2026 722 2125 potuit,
741 2027 824 2100 licet
841 2050 916 2100 non
934 2028 1041 2099 semel
1060 2042 1213 2118 tantum,

148 2142 212 2215 sed
248 2143 381 2241 pluries
399 2142 471 2215 hoc
494 2141 634 2217 efficere
657 2145 861 2216 tentavisset
890 2157 930 2216 ut
960 2143 1212 2237 Hollandrini,

146 2255 211 2351 qui
228 2254 301 2326 illic
318 2268 432 2327 castra
447 2277 512 2326 sua
527 2268 562 2326 et
579 2252 806 2327 obsidionem
825 2268 1040 2351 posuerant,
1057 2253 1104 2326 ab
1122 2253 1215 2326 obsi·

147 2371 258 2443 dione
275 2369 510 2444 discederent.

507 2675 763 2745 ctpltututt
794 2676 853 2743 v1.

145 2867 294 2935 Quomodo
305 2870 465 2942 paulopost,
477 2869 547 2924 duce
558 2869 675 2942 quodam
686 2871 804 2926 Henrico
816 2869 851 2925 de
861 2871 996 2941 Nyeveide,
1007 2870 1097 2924 accitis
1107 2870 1215 2926 Cliven-

182 2954 256 3007 sibus
265 2966 291 3008 et
300 2953 571 3018 Ammiordensibns,
582 2969 660 3009 nocte
671 2957 775 3029 irrupta
786 2968 860 3009 estet
873 2970 949 3028 capta
961 2956 1052 3010 civitas
1062 2957 1215 3033 Traiecten·

182 3038 228 3106 sis,
241 3051 333 3110 captus
341 3040 461 3112 pontifex
473 3054 499 3094 et
511 3041 618 3114 tyranni
628 3040 743 3109 liberati,
752 3054 778 3095 et
788 3040 981 3112 Engbclbertus
991 3040 1025 3093 de
1036 3039 1117 3094 Clivis
1124 3039 1214 3096 denuo

181 3123 337 3177 reinnosns.

502 3232 518 3270 ,Ι

195 3282 325 3352 Fuerat
343 3293 462 3352 autem
478 3280 525 3353 ad
548 3281 747 3354 custodiam
771 3282 874 3353 castri
894 3281 986 3354 illius
1002 3283 1213 3355 commissus

146 3396 295 3496 quidam
319 3397 460 3494 juvenis
490 3384 635 3470 audacis
668 3389 820 3473 nimium
854 3412 890 3470 et
918 3398 1051 3472 efferati
1081 3399 1210 3491 animi,

146 3512 265 3587 diens
301 3515 474 3586 Henricus
506 3513 551 3586 de
584 3514 777 3608 Nievelde,
806 3516 1020 3612 cognatione
1051 3516 1117 3613 ipsi
1146 3515 1212 3587 do·

146 3630 248 3701 mino
284 3629 329 3702 de
360 3633 536 3728 Montfort
565 3632 808 3729 propinquus,
834 3645 957 3730 utpote
986 3657 1056 3703 suae
1082 3632 1214 3703 sororis

146 3744 253 3818 tilius.
274 3747 342 3818 Hic
357 3772 441 3818 cum
459 3749 683 3843 cognovisset
699 3747 836 3818 domini
854 3748 1012 3846 episcopi
1031 3748 1078 3820 ad
1094 3748 1214 3820 civita·

146 3877 220 3934 tem
245 3885 348 3934 suam
370 3863 589 3958 ingressum,
614 3865 843 3961 captivosque
862 3863 1012 3935 detineri
1031 3863 1149 3960 ipsum
1166 3862 1213 3946 de

145 3980 326 4077 Montfort
354 3977 512 4075 aliosque
547 3980 610 4076 qui
634 3979 860 4077 tyrannidem
887 3979 1086 4051 incivitate
1113 4003 1213 4051 exer·

146 4109 315 4186 merant,
334 4095 640 4193 qualitercumque
657 4095 702 4166 de
719 4079 834 4167 castro
854 4095 916 4166 illo
944 4094 1146 4190 egrediens,
1165 4095 1212 4168 ad

147 4211 323 4309 oppidum
341 4211 585 4282 Amersfordiae
602 4211 756 4308 indeque
779 4211 825 4282 ad
845 4212 997 4309 patriam
1013 4210 1212 4285 Clivensem
