2946 5070
578 509 689 565 LIBER
709 509 898 568 SEPTIMUS.
1213 513 1270 569 1³3

203 638 375 732 obsistat,
401 654 437 711 et
459 638 564 735 hujus
590 640 641 710 rei
669 639 896 736 assequendae
924 664 1004 739 spes
1029 640 1079 712 eis
1103 640 1267 713 adimat¹.

203 754 309 827 Unde
341 756 487 828 rescissa
510 756 682 854 pensione
718 781 740 827 n
771 755 924 827 millium
957 771 1140 829 scutorum
1173 759 1267 847 auri,

202 897 314 972 quam
331 878 551 969 Francorum
565 897 626 946 rex
637 898 702 972 per
718 873 855 970 aliquot
870 896 998 963 annos,
1010 873 1122 972 pactis
1133 873 1270 947 interse

202 989 347 1079 habitis,
383 989 553 1077 Edoardo
587 989 783 1086 Anglomm
811 989 885 1085 regi
911 989 1126 1079 exsolverat,
1162 992 1271 1089 coepit

203 1105 423 1207 pedetentim
441 1130 567 1202 guerra
582 1107 675 1177 inter
693 1103 802 1178 ambo
823 1129 952 1200 regna,
972 1130 1051 1202 qun
1067 1130 1131 1203 per
1152 1104 1270 1202 plures
1380 1154 1385 1165 ·

203 1247 320 1296 annos
340 1223 540 1295 intermissa
550 1237 584 1294 et
595 1220 867 1319 quodammodo
892 1221 1008 1319 sopita
1032 1221 1160 1310 suerat,
1184 1223 1270 1293 reci-

203 1340 286 1413 diva
295 1339 440 1429 exoriri,
458 1354 493 1410 et
507 1364 571 1437 per
583 1339 714 1437 piratas
727 1338 813 1409 hinc
827 1337 911 1409 inde
923 1362 988 1436 per
1003 1361 1101 1415 mare
1117 1336 1266 1411 turbari.

202 1460 333 1553 inquo
351 1455 512 1554 proiecto
529 1455 677 1551 -Anglici
694 1480 716 1528 a
740 1455 862 1552 piratis
884 1459 1103 1526 Francorum
1134 1455 1269 1551 majora

201 1572 359 1662 damna,
375 1598 485 1670 quam
504 1573 580 1643 vice
598 1597 699 1644 versa
714 1572 898 1645 Franciab
916 1572 1079 1669 Anglicis,
1098 1574 1270 1646 sustinue-

201 1704 296 1764 runt.
312 1692 404 1760 Cum
418 1691 516 1761 enim
532 1689 666 1784 anglici
681 1689 852 1761 insulares
866 1690 957 1778 sint,
976 1712 1118 1761 neeesse
1133 1688 1270 1761 habent

201 1805 366 1877 nauticis·
378 1802 647 1900 trajectionibus
660 1827 723 1875 sua
737 1828 901 1876 exercere
914 1805 1151 1895 commercia;
1169 1804 1270 1902 quod

200 1922 249 1991 ita
275 1919 397 2006 Gallis,
422 1919 485 1990 etsi
505 1913 759 2007 commodum,
787 1920 936 1991 minime
957 1901 1077 1992 tamen
1109 1942 1268 1991 necessa·

200 2037 294 2107 rium
322 2036 473 2123 exsistit,
503 2033 634 2132 quibus
661 2034 777 2105 solum
813 2036 1001 2133 proprium
1029 2050 1159 2107 cuncta
1189 2035 1268 2106 vitae

200 2153 398 2223 necessaria
420 2150 564 2223 abunde
581 2147 824 2222 subministrat
841 2165 877 2222 et
899 2149 1032 2249 quibus
1047 2174 1269 2248 quaquaver-

200 2270 280 2340 suni
298 2270 449 2367 pervius
467 2283 584 2366 patet,
603 2265 738 2362 absque
764 2268 906 2340 nautica
922 2269 1149 2365 trajectione,
1170 2267 1268 2349 orbis

199 2399 388 2456 terrarum.

570 2667 828 2736 chtTUtnM
854 2669 896 2735 ΙΙ.
982 2712 984 2717 ,

201 2871 240 2922 De
252 2869 392 2922 immature
402 2881 487 2923 morte
494 2866 625 2934 Edoardi,
638 2867 784 2938 Anglorum
794 2868 871 2941 regis,
882 2882 907 2921 et
918 2867 1037 2941 ejusdem
1047 2870 1120 2941 regni
1131 2870 1267 2942 tyrannica

199 3031 202 3036 .
284 2952 463 3033 oetnpom
475 2972 523 3027 per
540 2951 704 3006 Richardum
715 2955 773 3026 ejus
786 2954 904 3019 fratrem,
919 2952 1014 3007 ducem
1026 2954 1187 3011 Gloceatrioe.
1205 2994 1209 3001 .

249 3127 544 3225 Contigit'antem
563 3140 599 3197 et
623 3136 735 3223 regno
757 3126 952 3223 Anglorum
969 3126 1066 3200 aliud
1094 3151 1168 3197 non
1184 3150 1266 3225 par·

199 3268 286 3315 vum
315 3242 573 3334 infortunium,
601 3265 642 3314 ea
667 3256 892 3342 tempestate,
920 3242 966 3315 de
996 3242 1212 3343 subitasatis
1232 3248 1267 3314 et

199 3362 391 3433 immatura
405 3359 496 3458 regis
518 3359 571 3430 sui
594 3370 715 3430 morte
732 3357 909 3432 Edoardi.'
919 3361 1012 3459 Nam
1030 3385 1114 3431 cum
1130 3358 1189 3431 die·
1206 3383 1266 3431 ve-

199 3477 294 3549 neris
309 3478 467 3564 sanetae¹,
479 3470 577 3546 anno
594 3462 844 3547 noocctsxxnr
856 3464 958 3547 more
972 3477 1133 3548 romanae
1142 3476 1263 3566 euriae,

199 3593 297 3665 idem
312 3618 390 3681 rex,
416 3590 618 3663 devotionis
631 3605 666 3664 et
686 3591 859 3664 orationis
871 3614 998 3681 causa,
1015 3590 1135 3689 plures
1153 3590 1267 3663 eccle-

199 3711 269 3782 sias
296 3724 331 3781 et
356 3708 436 3780 loca
464 3730 564 3779 saera
579 3707 840 3804 perlustrasset,
862 3706 1266 3817 postmodumquoque

200 3825 363 3898 reficiens
392 3823 522 3896 lassum
546 3846 694 3920 corpus,
721 3837 758 3894 et
781 3822 954 3895 fructibus
972 3837 1079 3921 atque
1111 3820 1268 3922 oleribus

242 4055 276 4134 .¹'
294 4051 318 4110 ΙΙ
334 4051 396 4109 sant
411 4062 495 4109 noter
509 4049 584 4108 aussi
603 4069 661 4126 qne
675 4050 703 4107 le
722 4049 805 4109 traite
824 4049 942 4117 d'nrras
960 4047 1085 4127 rompait
1101 4018 1268 4129 remanarge

200 4144 312 4225 projete
326 4156 408 4204 entre
419 4144 447 4203 le
456 4142 587 4222 dauphin
602 4155 628 4201 et
645 4139 724 4202 l'nne
740 4142 793 4204 des
804 4143 877 4203 filies
891 4136 1054 4202 d'i'ldouard
1069 4144 1117 4199 tv,

241 4242 271 4300 2.
295 4240 391 4297 Ptunt
404 4251 512 4297 sancta.
