2946 5070
581 458 691 513 LIBER
710 458 900 515 SEPTIMUS.
1215 464 1273 523 ¹35

206 603 289 686 post
321 588 509 663 intervallo
538 614 614 661 sese
648 590 686 661 in
713 613 834 686 regem
863 591 1037 667 coronari,
1063 591 1144 667 iecit
1174 594 1272 691 apud

205 704 441 777 Londonias¹.
461 702 655 791 Ferebatur
667 705 878 809 autemthoc
893 730 931 779 se
945 707 1071 789 colore,
1080 707 1272 805 justificare

206 824 340 897 sactum
358 848 482 913 suum,
504 824 623 922 quod,
642 849 706 923 per
733 826 923 921 antiquum
958 823 1143 897 decretum
1172 828 1271 923 regni

204 966 268 1015 seu
295 967 359 1041 per
375 943 608 1017 inveteratam
625 942 942 1031 consuetudinem,
970 941 1078 1015 vidua
1091 943 1272 1043 ipsiusque

203 1056 326 1148 liberi,
342 1084 421 1157 quae
435 1083 499 1157 per
520 1059 677 1155 aliquem
693 1058 800 1130 ducta
825 1057 916 1131 foret
934 1060 971 1129 in
993 1058 1201 1155 conjugem,
1215 1061 1271 1135 in·

204 1173 344 1249 habiles
357 1191 476 1249 essent
488 1175 535 1248 ad
542 1176 803 1249 successionem
817 1176 938 1272 regni,
954 1176 1091 1248 etiamsi
1107 1177 1145 1248 in
1160 1202 1271 1275 regno

203 1306 239 1363 et
254 1315 278 1365 a
292 1314 375 1389 rege
387 1292 497 1389 geniti
513 1307 648 1383 essent3
661 1306 774 1365 mater
785 1307 906 1365 autem
913 1292 1046 1366 horum
1058 1292 1269 1386 liberorum,

203 1411 413 1508 priusquam
435 1410 483 1484 ab
501 1410 668 1483 Edoardo
688 1410 908 1508 acciperetur
928 1412 967 1483 in
982 1437 1151 1503 uxorem,
1171 1400 1271 1486 alteri

202 1526 282 1599 viro
298 1525 411 1624 priori
433 1526 561 1597 marito
583 1539 695 1623 nupta
709 1524 854 1597 suerat².
877 1525 948 1598 Sed
962 1551 1009 1599 an
1026 1526 1192 1609 illudant
1210 1528 1272 1602 de·

202 1655 316 1731 creto,
348 1655 409 1713 aut
425 1657 542 1713 vetere
566 1640 946 1738 consuetudineregni
971 1643 1021 1715 ita
1042 1641 1271 1717 observatum

202 1757 328 1848 suerit,
361 1782 436 1829 noo
468 1756 667 1829 constabat.
697 1757 773 1831 ulio
805 1758 950 1828 autem⁸
980 1782 1023 1831 ex
1053 1759 1168 1857 capite
1198 1758 1271 1832 hoc

202 1874 321 1973 ipsum
344 1873 536 1969 justificare
560 1872 760 1969 satagebat,
782 1872 881 1969 quod
897 1873 1029 1947 scilicet
1051 1890 1167 1949 mater
1181 1873 1268 1948 libe·

202 1990 532 2086 rorumeademqne
549 1991 688 2086 regina,
699 1990 907 2087 priusquam
918 1989 1087 2065 Edoardo
1100 1989 1267 2082 nuberet,

201 2106 304 2181 atteri
320 2108 412 2194 viro,
433 2107 495 2203 qui
517 2121 602 2177 tunc
629 2107 737 2179 etiam
755 2121 932 2204 superstes
956 2104 1063 2179 foret*
1089 2130 1173 2188 curn
1189 2130 1268 2178 eam

200 2222 390 2299 Eduardus
422 2224 458 2295 in
488 2223 678 2321 conjugem
708 2224 913 2321 assumpsit,
935 2223 1188 2295 matrimoniali
1209 2223 1269 2297 ioe-

201 2337 287 2410 dere
309 2352 398 2411 esset
421 2338 598 2436 copulata.
619 2342 673 2409 De
691 2363 765 2434 quo
782 2350 923 2426 tamen,
942 2361 1009 2408 nec
1027 2336 1173 2433 quando
1188 2360 1268 2410 eam

200 2453 239 2525 in
252 2478 403 2526 uxorem
423 2469 608 2552 acceperat
624 2452 823 2542 Edoardus,
841 2478 908 2525 nee
924 2477 1008 2525 oum
1041 2454 1078 2525 in
1109 2453 1269 2549 reginam

200 2568 350 2653 inuncta
362 2570 450 2661 fuit,
470 2595 537 2643 nee
553 2570 727 2669 quamdiu
746 2569 842 2642 idem
871 2594 934 2641 rex
960 2570 1066 2660 vixit,
1085 2568 1181 2643 sama
1206 2594 1266 2644 seu

242 2877 271 2932 i.
297 2878 315 2933 6
326 2871 422 2948 juillet
435 2877 525 2934 ii83.

214 2982 221 3032 ζ
241 2975 272 3030 2.
295 2962 442 3031 fflisobetii
467 2971 504 3031 de
523 2971 676 3050 Wydrile‚
695 2986 783 3032 avant
800 2991 854 3032 son
869 2971 960 3031 union
974 2989 1047 3033 aveo
1059 2959 1196 3030 ssdonard
1209 2975 1267 3045 IV,

200 3065 279 3125 avait
296 3065 343 3124 ete
362 3066 578 3125 effeotivement
596 3067 702 3126 femme
724 3066 761 3126 de
777 3067 844 3128 lord
856 3069 952 3144 ora„
973 3067 1046 3128 mais
1067 3067 1097 3127 ia
1114 3065 1210 3125 raison
1226 3067 1268 3127 ai-

199 3158 304 3239 ieguee
315 3158 353 3218 io'
367 3178 420 3239 par
433 3159 558 3220 Thomas
575 3161 661 3220 Besin
674 3162 749 3222 n’est
760 3180 813 3240 pas
820 3161 893 3223 celle
906 3161 995 3239 qu‘on
1006 3160 1040 3220 iit
1053 3160 1124 3221 dans
1135 3160 1270 3221 i'adresse

200 3273 259 3333 que
274 3251 401 3311 Richard
418 3274 450 3313 se
463 3254 496 3312 fit
509 3256 658 3334 presentet
670 3275 724 3334 par
737 3254 935 3337 Buciringham
952 3275 989 3314 au
1008 3255 1129 3315 cheteau
1144 3254 1182 3314 de
1195 3259 1269 3333 Bay-

200 3347 274 3406 nard
297 3359 326 3405 et
344 3348 395 3424 qni
413 3349 457 3407 sut
476 3349 588 3408 inseres
610 3349 711 3428 depuis
732 3350 804 3408 dans
827 3370 867 3408 nn
887 3364 950 3408 acte
970 3349 1010 3408 du
1032 3348 1203 3428 pariement.
1223 3352 1268 3408 On

200 3451 332 3499 oontesta
349 3441 378 3500 ia
402 3442 518 3501 validite
535 3442 575 3500 du
597 3443 723 3522 mariage
735 3432 901 3503 d’tidouard
913 3446 952 3502 tv
969 3461 1083 3502 comme
1101 3442 1204 3501 s'etant
1218 3441 1270 3500 fait

200 3539 410 3609 seeretement,
424 3556 492 3596 sans
508 3535 686 3615 publication
695 3538 734 3598 de
742 3537 816 3598 bans
827 3551 857 3597 et
869 3557 906 3597 en
919 3538 979 3597 lieu
992 3537 1123 3616 profane.
1139 3536 1268 3596 01181Ιὲ-

200 3648 258 3709 goa
280 3630 358 3689 aussi
375 3650 434 3689 une
452 3631 542 3689 union
561 3633 725 3691 anteneure
743 3652 800 3710 que
822 3632 849 3690 ie
869 3633 917 3690 sen
935 3631 980 3691 roi
997 3630 1090 3690 aurait
1105 3632 1270 3689 eontractee

201 3741 273 3782 avec
287 3742 346 3781 une
359 3736 444 3784 autre
457 3725 573 3783 semme.
590 3728 651 3783 Rot.
667 3729 810 3795 Partem„
831 3730 881 3800 vt,
896 3728 967 3784 2i0.

243 3824 273 3882 3.
295 3822 393 3882 ΡΙιιῑόῑ
407 3825 505 3882 etiam.

242 3923 273 3981 i.
295 3924 387 3983 turre
401 3940 502 3981 erreur
516 3920 554 3981 de
573 3920 696 3981 Thomas
716 3922 800 3981 Basin
821 3941 861 3989 ou
877 3921 913 3983 de
932 3920 1073 4000 I’opinion
1092 3919 1143 3998 qui
1160 3919 1271 3977 eourait

201 4013 278 4072 alors
302 4034 339 4074 en
359 4014 512 4089 Hoiiande.
535 4014 631 4086 John,
655 4014 719 4073 iord
737 4017 828 4095 Grny,
853 4015 979 4094 premier
1003 4013 1075 4072 mari
1095 4002 1270 4073 d’tttsabeth

201 4109 349 4188 Wydvile‚
364 4109 434 4168 etait
446 4123 523 4167 mort
536 4128 571 4167 en
589 4112 679 4181 ttot,
695 4112 712 4166 ir
726 4108 753 4167 ia
762 4107 879 4168 bataiiie
891 4109 928 4167 de
941 4106 1149 4181 saint-Albam
1165 4106 1221 4167 elle
1234 4125 1271 4165 ne

202 4222 234 4262 se
247 4203 375 4277 remane
387 4222 458 4263 avec
469 4203 497 4262 le
511 4203 555 4263 roi
568 4194 702 4263 Edouard
716 4203 803 4281 qu'en
819 4207 910 4279 tues.
935 4280 941 4297 x
