2946 5070
589 496 701 564 ussa
720 498 870 571 mutus.
1207 500 1268 575 su

202 636 444 712 benivolentia
458 634 644 729 devinctis,
661 651 702 709 ut
719 636 863 710 difficile
880 638 986 713 nobis
1000 640 1091 714 foret
1105 657 1160 716 tot
1179 648 1268 718 aml-

202 774 329 827 oorum
341 755 454 827 videri
466 778 634 854 spernere
650 767 712 825 aut
722 754 898 851 negligere
910 759 1070 832 consilia.
1091 763 1198 859 Atqui
1211 752 1268 835 his

202 888 277 943 uon
298 870 545 964 obstantibus,
563 871 665 942 veriti
687 890 829 968 semper
852 895 898 942 ne
924 871 1031 947 nobis
1047 875 1167 975 laquei
1190 890 1269 951 ten·

203 984 385 1080 detentor,
412 988 449 1059 in
473 1008 565 1085 quos
588 988 784 1060 nonnullos
803 987 957 1062 infausto
983 994 1105 1067 omino
1123 1012 1270 1095 compe·

203 1102 375 1174 rierarnus
402 1104 614 1197 incurrisse,
642 1104 832 1176 consilium
856 1107 1017 1204 cepimus
1041 1126 1117 1183 nou
1149 1109 1271 1184 adliue

202 1217 357 1290 reditum
382 1234 544 1292 nostrum
565 1234 761 1313 maturare,
789 1219 853 1293 sed
872 1222 1026 1322 experirl
1048 1228 1205 1325 primum
1221 1250 1268 1301 an

201 1359 266 1434 per
280 1351 551 1435 procuratorem
565 1337 720 1433 legitime
738 1336 973 1411 constitutum
987 1358 1191 1439 possemus,
1205 1343 1270 1418 ab·

201 1465 317 1525 sentes
334 1453 417 1525 licet
434 1454 522 1524 etin
540 1453 642 1525 terris
665 1452 808 1525 illustris
827 1452 1126 1551 Burgundionum
1148 1458 1268 1554 ducis,

201 1586 280 1664 qsrae
296 1569 444 1641 minime
459 1583 545 1641 tunc
560 1569 633 1666 regi
646 1567 793 1643 hostiles
805 1566 1047 1675 habebantur,
1066 1589 1270 1648 nostrarum

201 1682 383 1757 bonorum
400 1685 558 1759 nancisci
579 1686 842 1785 possessionem
863 1687 985 1785 eisque
1007 1688 1119 1763 libere
1140 1693 1267 1790 potiri,

200 1802 508 1899 quemadmodum
530 1802 682 1901 praelaue
707 1802 829 1876 liuere
846 1805 950 1900 reglae
971 1802 1173 1881 laotrltatem
1192 1810 1271 1881 unl-

200 1918 330 2014 cuique
347 1917 618 2017 promittebant.
639 1919 748 2008 Quod
763 1944 847 1993 cum
870 1920 1004 1994 sactum
1026 1922 1154 2015 luisse,
1180 1924 1269 1998 falso

199 2044 341 2127 umen,
360 2050 573 2107 assereretur
584 2058 606 2107 a
617 2034 780 2134 pluribus
793 2034 917 2130 nobis,
935 2050 976 2108 ut
991 2037 1104 2110 videri
1112 2051 1266 2138 poterat,

200 2172 330 2244 magna
348 2153 502 2225 amicitia
516 2152 660 2250 junctis,
677 2153 739 2249 qui
757 2166 797 2224 ut
814 2173 881 2224 nos
897 2152 1032 2226 facilius
1048 2154 1096 2228 ad
1113 2156 1268 2230 reditum

196 2265 429 2361 inducerent,
452 2269 580 2341 laetam
602 2267 708 2340 nobis
733 2267 837 2341 luisse
856 2268 1040 2342 bonorum
1062 2286 1269 2347 nostrorum

201 2381 494 2455 deliberationem
519 2381 762 2477 affirmabant,
782 2383 977 2456 multarum
997 2410 1164 2485 precum,
1193 2390 1269 2489 epi·

201 2498 391 2591 stolarum,
413 2497 645 2571 consiliorum
665 2512 771 2597 atque
788 2502 999 2573 nuntiorum
1015 2503 1111 2575 mole
1129 2507 1268 2578 onerati

201 2628 308 2711 atque
328 2615 462 2708 inflexi,
487 2615 646 2709 tandem,
671 2641 746 2689 nou
771 2617 847 2688 siue
864 2641 996 2713 magna
1011 2619 1122 2692 anlmi
1137 2619 1268 2694 tituba-

202 2731 319 2823 tione,
340 2730 386 2803 ad
404 2730 629 2807 redeundum
654 2731 702 2804 ad
718 2734 871 2829 patriam
892 2758 959 2805 nos
980 2734 1267 2810 accinximus-at·

200 2871 270 2945 que
294 2848 509 2945 paravimus.
539 2846 647 2934 Quod
676 2848 837 2944 prolecto
865 2849 1013 2920 minime
1044 2850 1264 2947 fecissemus,

201 2965 389 3037 amnestias
401 2963 561 3061 praelatas
576 2986 704 3062 parurn
727 2979 789 3036 aut
805 2963 894 3036 nihil
907 2963 996 3036 fidas
1013 2966 1264 3062 existimantes,

200 3099 236 3155 et
252 3085 335 3156 satis
348 3096 522 3180 quantum
536 3081 695 3153 valerent
705 3082 959 3179 promissiones
975 3096 1011 3154 et
1026 3083 1148 3154 liuerae
1160 3100 1267 3184 atque

199 3212 419 3272 sacramenta
437 3197 549 3297 ipsius
572 3199 663 3294 regis
688 3198 845 3296 plurium
868 3197 1128 3272 calamitatibus
1151 3214 1186 3272 et
1211 3203 1266 3274 in·

200 3315 365 3389 fortuniis
378 3315 514 3404 edocti,
534 3315 602 3387 nisi
618 3339 686 3387 nos
702 3314 740 3386 id
753 3314 869 3388 lacere
885 3316 1067 3414 potlssime
1086 3319 1262 3412 suasisset,

200 3456 280 3530 quae
299 3451 368 3505 nos
384 3433 615 3505 vehementer
636 3431 872 3531 perurgebat,
891 3431 1003 3505 debiti
1026 3434 1115 3506 ratio
1131 3459 1202 3533 qua
1219 3437 1266 3511 ad

200 3548 462 3622 intendendum
473 3573 567 3622 curae
582 3564 689 3646 atque
705 3549 869 3646 regimini
882 3550 1037 3622 ecclesiae
1055 3565 1184 3624 nostre
1201 3576 1268 3626 nos

200 3664 376 3762 obligatos
390 3663 466 3738 lore
480 3665 690 3738 sciebamus.

249 3779 473 3880 lloc'nempe
495 3778 642 3854 adducti
659 3778 853 3870 desiderio,
878 3782 949 3855 hac
972 3782 1171 3855 intentione
1189 3808 1269 3882 per-

201 3897 310 3992 moti,
322 3913 367 3970 >ut
384 3898 591 3996 hujusmodi
607 3912 735 3969 nostrae
749 3899 904 3971 ecelesiae
922 3911 957 3970 et
977 3899 1195 3997 populorum
1212 3922 1268 3974 sa-

200 4014 279 4107 luti,
292 4038 384 4086 curae
398 4029 527 4087 nostrae
539 4013 707 4112 pastorali
716 4014 946 4108 creditorum,
962 4013 1265 4111 incumberemus,

202 4152 281 4228 que
301 4130 408 4203 nobis
425 4132 612 4216 imminere
637 4152 712 4202 non
738 4131 982 4205 nesciebamus
1002 4130 1159 4229 pericula
1176 4156 1266 4205 con-

201 4247 396 4320 temnenda
418 4256 454 4320 et
469 4247 639 4321 audacter
654 4258 762 4344 atque
779 4240 1040 4322 confidenur'a
1057 4246 1163 4322 uobis
1181 4243 1266 4321 sub·
