2946 5070
627 445 833 524 ΔΡΟωῦΙᾹ,

541 729 799 804 CAPlTULUM
824 732 916 801 xlx.

198 934 346 1007 Quomodo
358 934 441 991 nostri
453 949 641 1008 persecutores,
653 952 730 989 noea
741 933 838 991 saeuln
845 931 974 1012 mistam
981 933 1173 1007 confingentes,
1185 936 1266 993 eodo

234 1021 299 1075 siam
311 1033 438 1101 nostram,
448 1022 575 1092 tanquam
583 1040 632 1094 per
642 1019 746 1074 obitum
759 1030 879 1084 nostram
890 1030 1038 1090 vacantem,
1049 1033 1113 1093 sunt
1123 1021 1266 1097 prosecuti,

234 1119 260 1160 et
271 1105 305 1161 de
316 1106 428 1161 transitu
440 1124 473 1160 ex
483 1106 584 1161 Basilca
594 1106 623 1159 itr
634 1104 813 1160 Brnbantiam.
861 1116 868 1129 ·

249 1293 423 1382 Quinimo
457 1289 758 1387 confingentibus
780 1289 911 1375 nostrie
949 1289 1266 1364 calumniatoribus

200 1406 300 1506 quod
316 1434 360 1481 ex
375 1408 447 1481 hoc
460 1408 589 1481 saeculo
606 1409 876 1504 migrassemns,
896 1406 1135 1480 obtinuerunt
1155 1407 1203 1482 ab
1223 1434 1265 1482 eo

199 1524 333 1597 litteras
348 1523 394 1600 ad
413 1548 594 1596 summum
609 1520 830 1621 pontilicem¹
843 1535 879 1594 et
890 1521 1061 1596 dominos
1070 1523 1267 1598 cardinales

200 1639 299 1737 quod
320 1640 365 1712 de
391 1639 540 1713 ecclesia
556 1653 682 1724 nostru¹
692 1637 823 1712 stolido
846 1637 944 1710 fratri
959 1639 1054 1718 illius
1070 1641 1266 1738 impiissimi

201 1757 358 1832 satellitis
366 1757 489 1848 sui,de
497 1765 571 1853 quo
579 1755 932 1856 suprameminirnus‚
942 1755 1137 1853 providere
1150 1757 1264 1851 vellat,

200 1887 373 1970 tanquam
394 1897 459 1971 per
481 1871 622 1948 obitum
639 1885 801 1945 nostrum
816 1884 978 1968 vacante.
1001 1870 1266 1972 stampinsem

202 1992 311 2062 etiam
327 2005 491 2062 nostrum
511 1990 748 2062 obtinuerunt
769 1990 919 2079 litteras,
934 2013 1013 2088 ·per
1029 2008 1207 2086 quaerere¹
1218 1991 1267 2063 ois

203 2105 399 2181 mandabat
428 2122 604 2204 quatenus
626 2105 794 2198 eumdem
824 2104 963 2178 fatuum
991 2106 1030 2176 in
1060 2106 1267 2203 episcopum

203 2247 309 2294 suurn
336 2222 519 2317 eligerent.
549 2224 644 2294 Crem
673 2219 805 2319 quibus
841 2220 944 2316 regiis
966 2220 1149 2318 epistolis,
1183 2246 1267 2319 ques

202 2339 290 2411 tales
311 2355 346 2411 et
361 2340 491 2411 totiens
511 2337 740 2431 obtinebant,
765 2338 937 2436 quotiens·
953 2350 989 2409 et
1011 2337 1138 2434 quales
1150 2353 1267 2437 petere

203 2446 414 2545 voluissent,
433 2454 521 2529 bina
542 2455 618 2526 vice
641 2454 687 2527 ad
711 2433 1053 2527 remansurorum
1069 2453 1267 2553 sumptibus

203 2575 383 2645 nostriset
399 2572 445 2644 de
459 2572 614 2644 ecolesiae
628 2581 756 2643 nostrae
772 2570 1022 2670 proventibus,
1044 2595 1138 2668 quos
1150 2574 1187 2643 in
1201 2574 1268 2643 suis

202 2687 386 2769 habebant
403 2686 583 2779 manibus,
603 2687 798 2784 legationes
815 2687 1001 2779 miserunt,
1023 2700 1194 2785 tantaque
1208 2688 1268 2757 im-

203 2806 432 2905 portu'nitatis
457 2805 624 2878 instantia
645 2806 828 2877 stultitiam
856 2828 957 2886 suam
981 2804 1207 2878 manifestam
1224 2805 1269 2877 se·

204 2936 349 3014 cerunt,
377 2937 417 2994 ut
436 2922 678 3020 provisionem
702 2921 748 2992 de
766 2923 843 3019 ipsa
865 2913 1176 3006 nostraecclesia,
1197 2934 1270 2993 tan·

198 3051 314 3135 'quam
323 3056 389 3136 per
400 3038 540 3112 obitum
550 3053 713 3119 nostrum
723 3050 886 3128 vacante,
901 3037 1126 3135 desuperque
1140 3036 1270 3109 litteras
1351 3050 1354 3061 ‘

204 3139 418 3250 apostolicas
434 3177 472 3227 sc
490 3152 690 3251 reportasse
714 3152 833 3251 palam
864 3151 1033 3229 omnibus
1051 3152 1266 3250 jactitarent.

204 3269 302 3354 Quas
313 3267 475 3365 profecto
485 3269 516 3339 si
524 3268 584 3358 ita,
599 3267 897 3364 utisejaotabant,
914 3264 1269 3364 obtinuerunt(quod

205 3407 282 3457 uon
306 3383 389 3455 satie
410 3384 600 3457 verisimile
619 3371 892 3482 existimamus),
909 3387 1062 3458 irrisorie
1091 3388 1142 3458 eis
1167 3386 1270 3457 luisse

204 3523 410 3592 concessas,
429 3525 513 3572 cum
530 3502 575 3574 de
593 3503 695 3575 obitu
710 3519 834 3576 nostro
851 3504 940 3576 nihil
963 3503 1115 3575 omnino
1133 3518 1272 3576 consta·

204 3630 276 3707 ret,
303 3615 349 3688 ad
374 3640 501 3687 eurum
523 3621 738 3691 temeritates
758 3617 1115 3720 importunitatesque
1141 3619 1270 3718 depel-

204 3732 329 3804 lendas
354 3733 473 3804 nullus
500 3734 713 3808 addubitare
741 3748 880 3835 potest..
902 3736 1006 3824 Unde
1031 3736 1141 3835 paulo
1166 3751 1268 3836 post,

203 3872 287 3919 curn
303 3850 440 3946 liquido
457 3851 494 3920 in
512 3852 603 3947 regis
620 3854 719 3940 ouria
735 3869 772 3924 et
787 3878 851 3954 per
866 3869 980 3926 totam
996 3854 1269 3943 Normanniam,

203 3965 379 4064 praecipue
407 3966 443 4041 in
472 3983 593 4040 nostra
620 3969 769 4043 eeclesia
791 3986 827 4043 et
856 3971 1016 4060 dioecesi,
1041 3984 1269 4068 compertum

244 4210 273 4265 l.
297 4159 381 4267 allois
395 4209 465 4268 Paul
485 4212 524 4269 11.
