2946 5070
199 415 255 471 ns
470 410 724 470 nisronnnuu
744 410 921 471 iuoovrci
941 414 985 472 xi
1027 366 1033 373 ¹

537 688 793 759 CAPITULUM
818 690 911 757 xvt.

199 887 369 959 Comparatio
389 903 492 939 morum
521 905 629 940 tuorum
646 885 681 939 ad
700 898 825 958 paternos
843 903 929 940 mores
951 885 1043 957 quoad
1061 891 1260 960 temperantiam

595 985 672 1042 atque
681 968 861 1042 prudentiam.

252 1153 433 1221 Postremo
452 1173 527 1219 non
544 1147 591 1221 ab
613 1174 651 1220 re
669 1149 859 1243 videbitur,
878 1151 925 1242 si,
941 1151 1153 1249 priusquam
1168 1154 1261 1226 hunc

201 1265 332 1338 librum
348 1264 573 1356 claudamus,
592 1265 717 1360 hujus,
740 1266 873 1365 dequo
889 1265 996 1338 nobis
1013 1267 1052 1338 in
1070 1272 1261 1366 presentia·

202 1408 283 1453 rum
307 1395 359 1451 est
378 1405 512 1468 sermo,
541 1395 576 1452 et
600 1380 707 1451 felicis
734 1380 990 1454 recordationis
1015 1385 1186 1478 genitoris
1211 1387 1261 1457 sui

203 1521 320 1568 mores
344 1511 378 1566 et
394 1494 472 1567 vita
489 1495 747 1566 institutionem
765 1495 864 1566 brevi
881 1495 947 1568 sub
968 1499 1190 1597 compendio
1213 1500 1262 1570 in·

205 1613 316 1684 vicem
333 1612 569 1682 conferamus.

253 1728 401 1799 Genitor
416 1727 566 1824 quippe,
586 1727 686 1824 quod
701 1741 754 1798 est
772 1729 966 1800 maximum
990 1744 1026 1800 et
1047 1731 1261 1829 praecipuum

199 1845 339 1941 justitia·
359 1843 648 1936 fundamentum,
677 1840 760 1914 fidei
779 1844 887 1916 semel
904 1844 994 1917 datae
1012 1869 1057 1917 ac
1075 1847 1261 1944 promisso·

204 1988 284 2034 rum
304 1962 545 2034 tenacissimus
562 1961 646 2049 luit3
669 1985 735 2033 nec
752 1961 874 2032 litteris
890 1975 952 2033 aut
963 1963 1087 2059 sigillis
1101 1965 1262 2060 cuiquam

205 2105 296 2178 opus
320 2093 413 2169 erat,
438 2076 501 2149 ubi
531 2102 614 2150 eum
639 2076 836 2174 quidquam
862 2078 967 2152 alicui
996 2080 1259 2177 expromisisse,

205 2198 311 2267 etiam
330 2196 420 2266 ultra
435 2195 612 2291 ‘plurimos
631 2218 765 2280 annos,
790 2193 836 2267 ad
853 2195 1066 2267 memoriam
1083 2197 1116 2267 ci
1132 2209 1264 2293 poterat

206 2311 376 2382 revocari.
402 2311 466 2381 llic
482 2325 556 2381 tam
573 2310 703 2406 fragilis
723 2311 760 2381 in
780 2314 852 2383 suis
872 2311 1073 2409 promissis,
1097 2338 1263 2410 quocum·

205 2452 276 2524 que
297 2428 403 2498 etiam
433 2428 612 2524 scriptura
632 2427 688 2497 vel
709 2427 906 2522 sigillorum
930 2443 1037 2525 atque
1068 2454 1262 2502 sacramen·

207 2558 324 2614 torum
363 2543 562 2614 velamento
593 2541 785 2629 roboratis,
816 2544 898 2634 suit,
933 2559 973 2615 ut
1008 2545 1053 2616 de
1089 2544 1262 2641 qualibus·

206 2681 360 2753 cumque
391 2655 572 2753 promissis
601 2655 676 2751 ejus
711 2656 829 2727 nullus
863 2655 974 2728 fidere
1014 2657 1186 2747 auderet3
1222 2660 1263 2729 ita

208 2774 367 2872 prolecto
395 2773 493 2869 quod
521 2772 616 2870 apud
638 2797 763 2843 omnes
792 2772 901 2845 serme
926 2774 1108 2866 mortales,
1127 2776 1189 2869 qni
1215 2773 1264 2844 rel

208 2906 346 2964 tantum
382 2890 426 2962 de
455 2916 499 2962 eo
527 2890 740 2962 audierant¹
771 2890 915 2978 samam,
952 2912 1019 2987 pro
1042 2890 1104 2961 tali
1126 2890 1264 2962 infamia

211 3006 461 3078 famosissimus
482 3005 682 3078 baberetur.

261 3126 362 3193 Pater
382 3123 454 3192 vini
477 3137 510 3191 et
532 3146 692 3192 escarum
714 3121 1051 3217 temperantissimus
1074 3121 1160 3209 suit3
1179 3120 1265 3192 filius

210 3263 295 3309 sero
307 3237 352 3308 de
368 3238 466 3307 omni
479 3238 566 3334 gulae
588 3239 857 3334 intemperantia
874 3239 1023 3336 turpiter
1039 3237 1263 3308 diffamatus:

211 3352 319 3441 unde,
337 3366 374 3421 nt
388 3376 495 3448 supra
508 3377 573 3422 suo
588 3352 669 3422 loco
686 3352 897 3444 retulimus‘,
916 3378 998 3424 cum
1015 3352 1126 3423 semel
1142 3353 1268 3424 llotbo·

212 3470 303 3563 magi
322 3482 475 3539 coenaret
492 3469 527 3537 in
542 3466 689 3538 taberna
704 3465 864 3563 publica,
885 3483 920 3540 et
937 3469 1009 3540 illic
1023 3493 1095 3539 una
1109 3469 1268 3541 adessent

211 3585 271 3680 qni
302 3584 424 3655 sanmsi
453 3583 525 3653 vini
558 3597 738 3678 potatores
770 3582 1015 3675 habebantur,
1051 3585 1127 3682 ipse
1164 3584 1269 3656 lertur

254 3794 281 3849 l.
306 3794 357 3849 tts.
376 3791 520 3846 lantrude
535 3809 567 3843 co
582 3791 724 3844 attdr'cmt.

251 3888 281 3942 2³.
304 3882 441 3940 L'antcur
454 3901 484 3939 se
504 3894 632 3959 trompe,
651 3902 688 3938 ou
703 3880 771 3939 bien
787 3882 805 3938 il
823 3883 940 3940 rennoie
960 3885 977 3938 i
997 3902 1036 3938 nn
1052 3902 1172 3961 passage
1187 3882 1269 3959 quia

211 3980 256 4033 c'te
276 3979 348 4034 (tritis
367 3977 439 4034 dans
463 3976 490 4033 la
507 3975 708 4052 transcription
726 3974 829 4033 deson
853 3996 958 4054 propre
980 3976 1158 4047 manuscrit,
1178 3997 1228 4034 car
1250 3974 1268 4033 il

212 4070 284 4127 n'est
303 4070 433 4145 ‹prestion
448 4069 485 4126 de
501 4069 659 4127 laventure
674 4069 722 4145 qui
738 4090 773 4126 ta
787 4061 899 4138 mitre,
917 4070 987 4127 dans
1000 4088 1096 4127 aucun
1110 4083 1195 4127 autre
1213 4088 1268 4127 en-

213 4161 287 4220 droit
302 4161 338 4219 de
352 4183 404 4220 son
417 4162 544 4221 histoire.
