2946 5070
527 490 636 548 lellll
657 488 825 549 surinus.
1158 494 1215 552 ini

151 621 413 719 interrogabat,
428 642 578 695 movens
588 603 822 712 cachinnum,
842 625 878 694 iu
892 648 974 694 euru
990 624 1217 698 maledictum

148 743 255 840 jecit,
281 740 502 842 respondens
523 764 689 814 sermone
704 741 867 837 vulgari:
890 771 908 811 u
928 745 1027 813 Vnus
1044 758 1134 816 estes
1161 768 1218 815 voz

150 861 282 958 flenter
298 856 534 959 quartainer!
554 886 572 926 a
592 873 732 930 etcum
757 857 862 930 sociis
886 858 976 950 suis,
998 860 1061 956 qui
1081 880 1155 931 una
1172 860 1218 932 ad

150 974 365 1048 videndum
395 998 516 1071 regem
559 973 826 1067 confluxerant,
870 997 953 1045 eum
997 974 1216 1067 ostenderet,

150 1089 276 1163 dicens
298 1091 349 1163 eis
373 1118 422 1162 :u
445 1090 578 1183 Videte
593 1090 701 1160 istum
726 1089 932 1185 garcionem
947 1093 979 1178 ¹,
1010 1091 1073 1187 qui
1099 1110 1219 1188 regem

149 1230 189 1281 se
206 1232 283 1280 esse
302 1207 411 1302 dixit,
427 1236 445 1274 n
467 1221 645 1305 quotquot
659 1205 748 1278 illud
763 1205 948 1279 audientes
961 1222 1079 1298 erant,
1098 1211 1221 1282 similia

149 1323 277 1424 probri
290 1322 521 1396 maledictum
537 1325 575 1395 in
591 1342 675 1394 eum
687 1321 933 1413 cumulabant,
950 1322 1032 1416 sibi,
1048 1339 1219 1423 tanquam

148 1439 304 1515 ridiculo
328 1440 434 1512 alicui
450 1442 624 1536 ganeoni,
644 1464 708 1538 per
720 1440 829 1513 totius
844 1439 1043 1517 suburbani
1065 1444 1219 1542 spatium

147 1552 339 1652 illudentes
351 1572 387 1629 et
404 1573 484 1656 post
500 1581 584 1628 eum
597 1557 845 1631 acclamantes.
896 1589 917 1612 ν
1087 1625 1091 1629 ,

200 1677 241 1746 ln
264 1674 442 1773 plerisque
463 1673 572 1746 etiam
593 1675 694 1770 regni
717 1674 1001 1769 civitatibus,‘ad
1026 1696 1116 1776 quas
1137 1692 1220 1752 ante

148 1818 227 1866 non
254 1793 459 1881 introierat,
489 1815 574 1864 cum
603 1807 699 1864 totus
725 1791 881 1892 populus
911 1817 976 1891 per
1007 1782 1220 1894 principales

149 1912 288 2012 plateas
314 1909 465 2000 effusus,
493 1933 561 2008 per
588 1934 677 2008 quas
708 1912 897 1984 transitum
930 1911 1107 1986 facturum
1135 1940 1218 1987 eum

147 2026 327 2127 sperabat,
350 2026 427 2123 ejus
437 2026 640 2125 jucundum
663 2029 886 2126 opperiretur
902 2028 1096 2117 adventum
1112 2032 1219 2128 (quas

147 2144 330 2217 interdum
369 2142 524 2242 desuper
545 2145 698 2215 extensis
734 2145 881 2216 cortinis
902 2147 1041 2245 aliaque
1064 2149 1219 2245 pretiosa

142 2261 390 2361 suppellectile
419 2275 653 2354 ornaverant,
673 2275 709 2332 et
730 2261 767 2332 in
789 2261 923 2333 eisdem
949 2262 995 2334 ad
1018 2264 1128 2362 ipsius
1155 2265 1220 2337 ho·

145 2401 277 2450 norem
309 2377 426 2450 varias
450 2400 580 2479 ‘rerum
611 2378 939 2474 repraesentationes
963 2393 1070 2476 atque
1102 2380 1219 2452 homi·

145 2508 237 2569 num
252 2497 310 2569 vel
328 2495 524 2568 bestiarum
538 2494 727 2568 simulacra
742 2500 1037 2595 composuerant,
1055 2513 1165 2596 prout
1178 2500 1215 2570 in

144 2613 278 2688 talibus
298 2612 452 2712 publicis
475 2610 758 2708 jucunditatibus
781 2613 858 2685 lieri
877 2614 1034 2710 assolet),
1054 2617 1142 2713 ipse,
1159 2617 1217 2687 ci-

146 2731 264 2803 vitatis
290 2744 432 2827 portam
460 2729 654 2824 ingressus,
678 2753 743 2826 per
767 2728 892 2802 devios
918 2731 1077 2802 tramites
1099 2733 1217 2804 statim

146 2846 332 2946 publicam
354 2847 509 2945 plateam
534 2843 753 2938 declinabat,
783 2859 820 2918 et
848 2845 895 2918 ad
928 2847 1125 2945 hospitium
1149 2846 1214 2920 sibi

147 2973 386 3059 praeparatum
412 2958 622 3056 pervenire,
640 2971 776 3056 quanto
799 2958 952 3057 amplius
972 2974 1128 3057 poterat,
1147 2961 1216 3033 ses·

145 3075 297 3150 tinabat.
319 3074 422 3147 Unde
444 3089 634 3176 propterea
652 3074 690 3145 in
708 3073 923 3171 quibusdam
945 3075 1051 3166 locis,
1069 3077 1116 3149 ad
1138 3102 1217 3174 quae

146 3193 387 3290 ingressurus¹
405 3192 571 3291 primitus
588 3189 822 3282 adventabat,
842 3191 996 3264 fixerunt
1011 3194 1105 3265 cives
1123 3196 1215 3268 intra

146 3328 271 3413 portas
290 3313 328 3384 in
354 3311 442 3383 vicis
458 3309 663 3383 lateralibus
676 3311 847 3409 repagula
862 3311 1059 3406 lignorum,
1083 3339 1130 3385 ne
1152 3340 1216 3414 per

148 3436 297 3511 eosdem
320 3460 395 3508 sese
416 3437 630 3534 porrigeret,
659 3434 721 3507 sed
745 3459 811 3533 per
835 3436 910 3508 via's
927 3435 1079 3510 famosas
1102 3453 1139 3510 et
1155 3438 1217 3511 in-

147 3555 265 3650 signes
278 3567 465 3649 cogeretur
484 3552 660 3624 incedere.

198 3674 415 3766 Quanquam
438 3683 557 3742 autem
576 3693 692 3766 neque
715 3670 831 3767 specie
856 3685 893 3742 et
908 3672 1028 3745 forma
1043 3673 1213 3769 eleganti,

148 3815 227 3889 quae
256 3790 364 3886 digna
397 3790 575 3862 videretur
605 3791 774 3887 imperio,
806 3818 922 3890 neque
950 3795 1038 3868 facie
1065 3793 1218 3866 decorus

148 3930 258 4008 esset,
282 3915 348 3987 suit
364 3929 485 3988 tamen
506 3915 589 3987 satis
606 3915 745 4012 patiens
765 3916 812 3990 ad
830 3918 1059 4016 perferendos
1076 3917 1216 3993 labores

189 4170 219 4227 l.
244 4173 355 4242 Gorgon
366 4169 443 4227 avait
456 4170 531 4229 alors
546 4168 572 4227 le
586 4188 650 4227 sens
662 4168 700 4227 de
711 4170 786 4227 valet
803 4169 902 4231 debas
917 4173 1008 4249 etage„
1090 4159 1093 4166 ’

192 4265 220 4323 2.
243 4265 464 4339 Malagmata.
