2946 5070
570 482 679 538 LIBER
703 481 903 541 stantunus

509 824 516 837 '
579 816 834 886 CAPlTULUbl
859 817 903 886 ll.

209 1025 306 1094 Quod,
318 1027 386 1082 sicut
397 1025 555 1100 dignitatum
568 1027 685 1082 eulmina
696 1027 884 1100 temporalium
899 1028 991 1082 beator
1008 1029 1118 1084 minime
1137 1030 1271 1100 efficiunt,

412 1116 450 1171 ita
462 1135 512 1170 neo
524 1135 618 1171 eorum
629 1117 757 1172 abmessio
769 1135 815 1171 reu
826 1117 941 1172 carentia
951 1118 1070 1174 miseros.

258 1303 366 1393 Quod
392 1305 421 1377 si
442 1329 568 1377 eorum
594 1307 801 1379 consecutio
822 1319 857 1379 et
874 1306 1075 1406 praesentia,
1100 1331 1183 1380 cum
1206 1311 1272 1384 rite

207 1419 314 1492 etiam
340 1419 560 1516 obtinentur,
583 1420 708 1495 beatos
730 1423 877 1495 minime
901 1422 1072 1514 efficiunt,
1097 1449 1163 1497 nec
1186 1450 1273 1524 pro·

208 1536 312 1631 fecto,
329 1562 412 1611 cum
433 1538 568 1612 abeunt
584 1555 620 1611 et
639 1539 807 1612 deserunt
822 1565 1054 1640 possessores,
1074 1542 1141 1614 nisi
1163 1542 1272 1616 iidem

206 1678 280 1725 sese
300 1656 456 1752 primum
472 1656 654 1747 deserant,
670 1654 827 1729 infelices
846 1682 909 1729 eos
926 1671 1032 1755 atque
1049 1658 1198 1731 miseros
1214 1659 1273 1733 de·

206 1769 429 1867 relinquunt,
449 1772 624 1870 quidquid
648 1772 861 1871 imperitum,
877 1773 1118 1872 insipiensque
1146 1776 1272 1872 vulgus

206 1885 251 1958 de
267 1911 310 1961 ea
323 1911 361 1959 re
379 1889 575 1961 existimet(
588 1890 671 1962 lllos
688 1888 834 1963 forsitan
852 1890 1015 1980 dixerim,
1036 1916 1120 1963 cum
1136 1891 1272 1969 abeuru

204 2001 473 2102 absceduntque
500 2004 547 2078 ab
572 2005 642 2096 eis,
671 2004 828 2080 infelices
859 2021 966 2104 atque
989 2007 1143 2081 miseros
1163 2010 1271 2082 roim

204 2144 327 2217 quere,
346 2123 409 2218 qui
431 2123 582 2198 cumeis
599 2122 842 2217 fungerentur,
868 2124 953 2223 ipsis
975 2122 1137 2196 delectati
1153 2123 1270 2198 hono-

202 2235 320 2330 ribus,
343 2240 381 2309 in
399 2238 451 2311 eis
468 2263 614 2317 omnem
630 2262 792 2311 amorem
810 2253 845 2311 et
860 2239 1028 2315 affectum
1046 2262 1168 2333 suurn,
1191 2257 1270 2315 tan·

202 2377 311 2451 quam
335 2355 371 2427 in
395 2381 536 2429 summo
557 2354 659 2428 bono
675 2381 749 2454 quo
772 2357 850 2428 solo
870 2382 906 2428 se
922 2356 1047 2430 beatos
1070 2357 1147 2431 freri
1171 2358 1266 2433 arbi·

202 2484 393 2563 trarentur,¹
417 2487 650 2570 reponerent;
676 2497 831 2570 quorum
859 2473 1084 2546 calamitosos
1107 2499 1209 2548 casus
1233 2492 1269 2548 et

202 2586 321 2681 tragici
349 2601 386 2659 et
414 2588 643 2687 quamplures
673 2587 904 2662 historiarum
930 2590 1137 2688 scriptores,
1170 2592 1269 2664 velut

202 2703 438 2800 tristes-atque
457 2703 631 2796 infelices,
655 2704 853 2777 retulerunt
868 2718 903 2775 et
921 2702 1099 2793 dixerunt.
1119 2706 1267 2803 Sapiens

201 2831 321 2890 autem
341 2819 397 2890 vir
418 2833 454 2891 et
472 2816 566 2890 bene
589 2820 770 2891 institutus
789 2819 895 2914 longe
916 2819 1018 2891 aliter
1033 2818 1263 2914 existimabit,

200 2934 281 3031 qui,
301 2959 330 3005 sr
320 2933 395 3006 ad
415 2932 622 3030 hujusmodi
647 2934 841 3033 aliquando
866 2935 1081 3008 adsciscatur
1102 2952 1138 3008 et
1153 2936 1265 3010 subli-

200 3065 317 3122 metur
341 3051 515 3142 honores,
542 3074 762 3182 cognoscens
787 3076 825 3124 se
849 3050 896 3123 ad
923 3051 1066 3149 pondus
1090 3066 1125 3123 et
1140 3077 1264 3129 curam

201 3167 380 3262 regiminis
403 3191 618 3264 gravemque
644 3168 820 3240 sarcinam
842 3192 885 3240 ac
909 3168 1113 3239 servitutem
1139 3193 1265 3244 evoca-

200 3295 294 3369 tum,
327 3298 516 3391 menteque
545 3298 581 3354 et
604 3283 726 3354 anime
752 3283 946 3381 prudenter
977 3284 1264 3359 animadvertens

199 3421 309 3495 quam
326 3398 438 3495 fragili
461 3415 497 3470 et
520 3400 666 3497 ancipiti
686 3398 768 3472 loco
793 3399 934 3472 culmen
955 3377 1118 3480 honoris
1126 3416 1265 3500 tempo-

199 3513 281 3584 ralis
295 3512 510 3586 collocatum
525 3515 582 3607 sit,
601 3515 814 3612 quantisque
826 3513 933 3599 curis,
948 3513 1259 3610 sollicitudinibus,

199 3629 386 3722 molestiis,
414 3629 580 3728 periculis
603 3629 864 3727 timoribusque
893 3632 1137 3728 suppositum,
1162 3634 1262 3707 nullo

198 3744 310 3816 modo
328 3770 370 3816 ex
390 3744 483 3816 illius
506 3747 758 3819 consecutione
775 3745 912 3819 felicem
938 3771 975 3818 se
1000 3747 1179 3846 reputabit
1201 3765 1263 3822 aut

198 3859 356 3933 beatum.
385 3867 429 3933 Et
450 3886 515 3959 per
535 3861 619 3955 hoc,
642 3863 671 3934 si
688 3888 773 3935 eum
793 3861 849 3934 vel
864 3862 997 3955 honor,
1016 3864 1073 3936 vel
1094 3865 1261 3937 eumdem

198 3979 272 4077 ipse
301 3979 480 4052 honorem
497 3977 743 4077 dereliquerit,
769 3980 869 4053 nullo
887 3980 997 4053 modo
1021 4005 1064 4052 ex
1085 3980 1161 4078 ejus
1183 3979 1264 4053 abs·

198 4120 298 4167 cessu
315 4096 370 4167 vel
384 4095 540 4169 discessu
555 4119 592 4166 se
608 4094 785 4169 infelicem
798 4096 905 4170 ducet
917 4096 972 4169 vel
986 4098 1167 4170 miserum.

247 4212 343 4300 Quin
369 4213 442 4285 imo
466 4212 710 4312 quamplures,
733 4213 795 4309 qui
823 4213 878 4286 vel
905 4213 1042 4313 impetu
1065 4212 1214 4286 fortunae
1239 4238 1261 4288 a
