2946 5070
287 462 304 518 d
555 458 813 519 ntstomttttttt
834 461 1010 519 mnovlct
1030 462 1072 518 xt

285 594 522 695 praet'erendus
547 592 615 665 sibi
640 591 924 690 quibuscumque
945 593 1022 663 aliis
1050 590 1257 681 videbatur3
1283 592 1348 665 sed

284 729 381 785 etex
403 713 473 784 alio
494 712 629 809 capite,
649 734 750 800 cum,
776 734 820 780 ex
844 709 985 780 notoria
1008 710 1107 804 regni
1126 713 1348 781 Francorum

284 827 568 919 consuetudine,
602 826 926 923 quotienscumque
958 825 1084 921 aliquis
1113 827 1263 897 moritur
1294 841 1347 898 te·

285 972 374 1018 nens
403 945 549 1017 feodum
568 969 591 1017 a
612 968 712 1039 rege,
743 941 871 1014 relictis
898 941 978 1013 titiis
1005 941 1268 1040 impuberibus,
1289 943 1350 1040 jus

285 1061 393 1136 habet
421 1087 481 1133 rex
511 1060 628 1132 tutelae
657 1074 763 1156 atque
796 1058 923 1154 gardiae
954 1057 1210 1158 impuberum,
1241 1075 1350 1158 atque

285 1178 380 1250 feodi
401 1201 464 1249 seu
487 1175 694 1266 feodorum,
712 1199 791 1271 quae
813 1173 1002 1245 defunctus
1022 1173 1067 1246 de
1086 1175 1164 1272 ipso
1180 1174 1347 1266 tenebat3

286 1318 352 1365 nec
375 1317 462 1365 vero
485 1289 602 1365 solum
634 1289 822 1363 feodorum
845 1290 1011 1382 illorum,
1039 1290 1158 1363 sedet
1185 1292 1350 1364 omnium

286 1407 457 1497 aliorum,
484 1422 560 1480 esto
586 1406 684 1503 quod
709 1405 754 1477 de
779 1405 925 1478 diversis
950 1404 1170 1504 principibus
1197 1407 1255 1478 vel
1282 1408 1350 1480 do·

287 1525 393 1595 minis
417 1537 617 1614 teneantur,
649 1523 722 1618 regi
747 1519 849 1619 [non]
874 1521 1023 1594 subditis
1050 1522 1154 1619 (satis
1174 1524 1271 1595 enim
1298 1541 1352 1598 est

286 1639 385 1739 quod
411 1640 579 1731 alterum,
603 1638 658 1711 vel
684 1638 892 1730 minimum,
911 1638 968 1710 -de
996 1663 1076 1734 rege
1098 1653 1281 1732 teneatur,
1312 1657 1353 1714 ut

287 1770 495 1827 caeterorum
515 1754 678 1825 omnium
698 1777 759 1823 rex
781 1752 940 1849 gardiam
958 1768 993 1825 et
1013 1755 1161 1826 tutelam
1184 1778 1257 1826 suae
1281 1758 1353 1828 uti-

287 1871 394 1942 litatis
416 1871 566 1959 efficiat)
584 1897 593 1939 ι
614 1868 680 1940 suh
698 1868 754 1942 his
770 1870 876 1965 igitur
892 1869 1091 1973 coloribus,
1112 1871 1213 1942 initio
1228 1895 1353 1971 appre-

288 1986 470 2061 hendebat
488 2012 568 2080 rex,
589 2001 761 2084 tanquam
783 1985 899 2058 filiolae
923 2012 993 2057 suae
1011 2001 1120 2079 tutor,
1145 1985 1353 2084 hujusmodi

288 2120 399 2178 terras
422 2128 504 2177 suas
530 2119 635 2203 atque
663 2102 843 2195 dominia,
869 2127 1026 2175 asserens
1046 2128 1082 2175 se
1108 2104 1243 2177 nullam
1270 2130 1354 2204 erga

289 2244 348 2292 eas
371 2244 534 2292 exercere
560 2219 650 2290 velle
677 2217 906 2291 hostilitatem
931 2243 994 2290 seu
1017 2217 1213 2317 perfidiam.
1244 2223 1354 2308 Quod

290 2337 536 2434 quamplures,
570 2337 688 2408 minus
712 2335 861 2434 provide
889 2335 1137 2433 hujuscemodi
1162 2338 1253 2433 regis
1281 2363 1353 2411 ser·

291 2453 459 2525 monibus
485 2452 592 2525 fidem
614 2467 834 2551 prestantes,
863 2453 945 2524 satis
960 2452 1157 2549 perniciose
1178 2451 1299 2526 tefettit
1319 2471 1355 2528 et

291 2567 431 2640 delusit.

340 2683 528 2756 Audientes
541 2697 661 2755 autem
677 2682 752 2753 haec
773 2682 822 2755 ita
835 2707 899 2781 per
915 2705 1035 2777 regem
1060 2683 1212 2776 actitari,
1232 2685 1356 2781 quide

293 2795 992 2896 omnibusterrisprincipissae‚Gandavi‚
1012 2797 1057 2869 de
1073 2795 1234 2893 quolibet
1242 2813 1353 2892 statu,

294 2914 406 3010 gradu
433 2929 539 3010 atque
557 2912 682 2984 ordine
708 2927 970 3004 convenerant,
992 2911 1213 2984 destinarunt
1232 2912 1279 2985 ad
1301 2939 1356 2986 re-

295 3054 374 3125 gem
390 3029 587 3100 solemnem
599 3027 827 3122 legationem,
848 3027 885 3098 in
902 3049 974 3124 qua
987 3025 1084 3098 fuere
1098 3026 1171 3098 duo
1187 3030 1356 3126 praecipui

177 3181 181 3191 ·
293 3144 523 3216 cancellarius
540 3142 698 3215 defuncti
713 3141 882 3239 principis
894 3154 929 3211 et
945 3141 1112 3213 dominus
1124 3142 1169 3247 de
1182 3141 1357 3215 Humber·

294 3261 426 3347 coum,
442 3258 508 3329 viri
526 3259 647 3353 utique
664 3257 820 3343 saeculari
841 3255 1031 3363 prudentia
1045 3258 1230 3351 callentes,
1247 3261 1355 3357 etqui

230 3371 238 3393 ⁶
295 3376 392 3474 apud
409 3375 616 3448 defunctum
633 3377 831 3475 principem
844 3376 1023 3476 praecipuo
1053 3375 1191 3448 honore
1217 3378 1358 3450 fuerant

295 3489 427 3585 habiti,
446 3493 654 3588 magnisque
669 3491 736 3563 sub
750 3491 897 3581 eodem,
916 3491 1015 3563 brevi
1029 3493 1200 3590 temporis
1218 3495 1354 3593 spatio,

336 3705 366 3763 1.
389 3702 550 3762 Guillaumc
571 3709 724 3784 lingona,
749 3702 911 3761 chaucelier
933 3702 968 3761 de
991 3706 1176 3783 Bourgogne,
1194 3716 1223 3761 et
1243 3703 1301 3762 Gui
1320 3704 1358 3762 de

294 3795 425 3870 nrtmeu,
441 3793 586 3876 ¹seigneur
610 3795 869 3867 d’Humbercourt‚
894 3798 989 3854 furent
1015 3799 1141 3873 envoyes
1162 3816 1199 3855 au
1223 3797 1282 3867 roi,
1297 3814 1357 3855 non

295 3908 346 3968 pas
355 3910 407 3968 par
419 3891 460 3948 tes
473 3881 569 3963 Etats,
587 3890 659 3950 mais
674 3909 728 3969 par
742 3890 770 3948 ta
785 3888 934 3949 duchesse.
948 3878 1071 3948 thomas
1084 3888 1166 3947 Basin
1180 3908 1198 3947 a
1210 3889 1357 3948 consondu

295 3982 372 4041 deux
394 3981 575 4042 ambassades
596 3982 645 4061 qui
667 3982 762 4042 surent
783 3983 914 4065 seperdes
932 4002 984 4060 par
1006 4002 1045 4041 un
1066 3982 1138 4041 mois
1158 3982 1355 4052 d'intervalle3

295 4093 344 4134 car
364 4077 435 4135 celte
452 4075 489 4134 de
509 4076 537 4135 la
558 4076 697 4135 duchesse
715 4075 802 4155 partit
817 4095 854 4134 au
867 4089 1113 4137 commencement
1132 4075 1168 4133 de
1189 4075 1304 4148 territet,
1328 4089 1358 4134 et

295 4169 366 4227 celle
379 4170 429 4228 des
443 4159 521 4228 Etats
536 4170 694 4228 seulement
707 4159 743 4227 en
758 4188 844 4230 mars.
