2946 5070
199 477 256 534 ne
624 472 834 548 momen,

197 621 305 702 taque
326 605 504 704 possibilis
528 605 634 677 nobis
648 619 742 693 erat,
762 604 860 676 dicto
883 603 1119 681 illustrissimo
1137 629 1181 677 ac
1202 605 1258 679 he·

198 722 407 819 nignissimo
422 722 576 821 principi
593 720 924 817 habita-gratiarum
949 721 1112 813 actione,
1130 721 1258 794 subsis-

198 854 272 913 tere
288 864 355 938 pro
373 854 536 939 tempore
552 838 793 930 decrevimus,
815 863 882 909 nec
904 838 1057 938 amplius
1082 838 1257 935 aliquem,

198 969 238 1026 ut
252 980 320 1053 pro
337 955 443 1027 nobis
457 957 667 1027 intercessor
683 954 800 1047 lieret,
816 954 981 1050 fatigare,
997 978 1081 1024 cum
1095 955 1179 1026 inde
1194 980 1259 1026 nec

199 1069 353 1143 fructum
372 1072 506 1165 ullum,
534 1071 598 1143 sed
620 1072 731 1169 magis
749 1071 970 1144 accensionis
993 1070 1094 1141 suriae
1117 1070 1260 1168 majoris

198 1188 405 1284 periculum
422 1188 610 1287 provenire
637 1186 849 1259 videremus.

248 1307 412 1400 Longum
445 1318 536 1376 esset
562 1305 597 1375 ¹si
627 1304 684 1375 vel
718 1303 885 1402 epistolas
915 1302 1259 1400 humanissimasque

198 1445 341 1518 preces,
364 1445 432 1520 pro
450 1420 554 1492 nobis
567 1445 631 1519 per
643 1420 827 1519 praelatum
842 1419 1118 1492 illustrissimum
1130 1421 1260 1518 princi·

200 1559 284 1633 pern
301 1535 425 1626 saetas,
452 1537 510 1610 vel
527 1535 636 1626 feras,
656 1551 773 1625 truces
787 1549 895 1632 atque
914 1534 1094 1627 ‚barbaras
1119 1561 1260 1634 respon·

197 1650 316 1723 siones
331 1652 379 1725 ad
396 1677 456 1725 eas
472 1668 508 1724 et
523 1652 641 1725 verbis
655 1667 691 1725 et
707 1653 847 1752 scriptis
859 1651 1012 1743 habitas,
1031 1652 1119 1723 huic
1136 1667 1260 1726 nostru

197 1766 369 1866 apologiae
379 1769 551 1840 vellemus
565 1770 737 1860 inserere..¹
747 1768 855 1858 Quod
866 1768 1012 1866 quidem
1028 1769 1147 1841 lacere
1158 1771 1259 1841 cmit-

198 1884 324 1976 timus,
348 1909 394 1957 ne
411 1884 591 1958 fastidium
606 1884 804 1982 legentibus
823 1885 1034 1984 parturiant.
1055 1890 1146 1958 Tam
1166 1888 1259 1958 enim

197 1998 393 2072 manifestis
406 2001 602 2074 mendaciis
618 2001 753 2074 resertae
772 2016 874 2077 erant
886 2001 1096 2098 hujusmodi
1113 2026 1259 2101 respon·

197 2118 328 2210 siones,
347 2117 446 2214 quod
463 2119 567 2192 valde
581 2118 782 2194 mirandum
795 2133 849 2190 est
864 2118 1051 2216 quomodo
1068 2121 1159 2192 tanti
1170 2121 1261 2219 prin„-

197 2234 286 2333 cipis
302 2236 409 2306 titulo
426 2259 469 2308 ac
495 2236 642 2337 nomine
653 2252 740 2317 tam
762 2251 884 2334 aperta
895 2236 1090 2309 mendacia
1105 2237 1261 2333 confingi

197 2350 391 2449 litterisque
408 2352 571 2425 mandari
596 2367 803 2452 potuerrmt.
823 2351 894 2425 Sed
909 2376 952 2425 ea
966 2377 1042 2433 non
1056 2352 1261 2426 dubitamus

198 2467 347 2543 minime
361 2493 405 2540 ex
418 2469 509 2565 regis
518 2470 750 2560 conscientia,
770 2468 834 2541 sed
849 2469 1079 2541 inimicorum
1094 2468 1262 2542 adinven-

198 2583 357 2657 tionibus
379 2586 540 2684 pessimis
560 2608 742 2658 emanasse
763 2615 771 2656 :
791 2586 854 2682 qui
875 2585 968 2658 salsis
985 2585 1111 2657 suiset
1127 2587 1260 2659 calum-

199 2700 307 2773 niosis
332 2702 642 2791 criminationibus
669 2718 827 2776 nostram
850 2703 1150 2776 existimationem
1166 2703 1259 2804 apud

197 2817 382 2915 prelatum
412 2817 543 2890 ducem
574 2818 847 2890 illustrissimum
878 2820 962 2891 totis
993 2820 1129 2891 viribus
1158 2844 1261 2892 cona·

196 2931 330 3008 bantur
360 2959 528 3027 onerare,
561 2934 748 3032 denigrare
780 2950 816 3006 et
850 2936 1055 3034 suggillare,
1093 2962 1142 3007 ne
1172 2937 1260 3009 ultra

197 3074 302 3121 suum
328 3049 434 3122 nobis
454 3046 694 3150 patrocinium
713 3053 921 3150 impertiret.
948 3057 1077 3124 Praeter
1103 3053 1178 3124 hoc
1207 3069 1259 3126 ta·

160 3198 167 3213 ·
197 3191 280 3236 men
297 3167 397 3263 quod
413 3168 634 3266 apertissima
648 3168 835 3242 mendacia
851 3185 886 3241 et
901 3195 1001 3269 pane
1013 3170 1185 3244 omnibus
1199 3196 1259 3243 no·

197 3282 289 3353 toria
313 3283 565 3377 continebant,
589 3285 696 3357 etiam
720 3300 792 3357 tam
808 3286 900 3383 (esto
920 3287 1026 3359 etiam
1043 3287 1145 3382 qnod
1169 3312 1259 3358 rere

196 3397 423 3492 exstitissent)
440 3398 603 3472 absurde
624 3416 725 3473 erant
740 3414 775 3473 et
793 3402 938 3493 frivolae,
965 3417 1006 3474 ut
1022 3417 1119 3474 certe
1143 3403 1260 3502 pudor

135 3552 142 3563 ι
195 3535 271 3583 esse
289 3510 470 3587 debuisset
495 3516 576 3588 talia
600 3516 738 3614 probru·
761 3517 799 3588 in
826 3543 1046 3615 quemquam
1071 3518 1257 3590 hominem

191 3625 379 3722 jactitasse.
407 3629 477 3701 Sed
502 3632 625 3703 omnia
644 3632 720 3704 haec
738 3631 864 3729 agebat
889 3659 950 3705 rex
973 3633 1258 3732 suggestionibus

192 3738 372 3816 dictorum
389 3747 624 3842 pessimorum
649 3761 685 3820 et
711 3750 964 3822 sceleratorum
990 3753 1171 3839 viromm,
1194 3750 1258 3819 sci·

191 3856 273 3929 licet
294 3883 385 3958 saepe
403 3863 579 3934 nominati
595 3864 695 3962 impii
710 3865 867 3937 satellitis
882 3881 918 3939 et
932 3890 1097 3938 suorum.
