2946 5070
200 462 237 517 1·ss
468 460 725 519 msromsuuu
744 459 922 519 LUoovlcl
944 461 987 517 x1

197 613 313 660 annos
340 603 524 686 pactamm
551 603 586 660 et
613 588 817 663 solemniter
837 592 1036 687 juratarum
1052 613 1139 664 cum
1168 590 1261 663 duce

199 705 341 796 Carolo,
362 719 461 803 patre
489 705 648 801 ejusdem
670 707 906 804 principissae,
938 708 1073 803 integre
1099 707 1264 780 redderet

199 836 305 917 atque
319 822 538 894 restitueret:
559 822 756 894 indicantes
771 823 931 920 proiecto
958 849 994 896 se
1013 821 1133 922 potius
1154 824 1264 896 sortu-

199 961 284 1009 nam
300 951 335 1009 et
347 953 514 1010 eventum
536 936 721 1010 bellicum
738 964 818 1034 rege
835 938 940 1011 malle
960 941 1131 1038 opperiri,
1153 963 1264 1036 quam

200 1052 245 1126 de
260 1055 341 1126 ullis
361 1080 444 1125 curn
469 1053 597 1126 eodem
621 1055 787 1126 ineundis
815 1055 1042 1153 pactionibus
1067 1056 1157 1127 velle
1179 1082 1264 1128 con·

200 1169 322 1243 fidere.
351 1175 402 1243 lta
427 1172 524 1242 enim
554 1171 678 1268 opinio
711 1172 871 1262 sinistra,
902 1172 1001 1267 quod
1032 1197 1092 1245 rex
1127 1174 1263 1244 nemini

200 1311 362 1383 unquam
391 1284 522 1379 fidem,
555 1289 781 1382 quantumvis
816 1287 1021 1360 solemniter
1049 1290 1263 1386 promissam

201 1419 307 1501 atque
323 1405 496 1501 juratam,
517 1428 656 1476 servare
673 1421 896 1498 consuesset,
913 1408 1075 1479 omnium
1102 1408 1264 1505 ipsorum

202 1520 329 1591 animis
357 1519 412 1615 (ut
438 1519 513 1615 J'am
540 1544 631 1618 saepe
665 1519 831 1616 diximus)
847 1521 1050 1613 insederat,
1084 1535 1123 1592 ut
1144 1518 1190 1592 ab
1222 1544 1265 1594 ea

203 1636 300 1707 nulla
328 1630 377 1706 in'
391 1633 580 1706 adversum
596 1635 824 1732 persuasione
848 1651 910 1707 aut
932 1636 1182 1708 exhortatione
1212 1636 1264 1706 di·

203 1751 284 1824 velli
301 1765 361 1823 aut
378 1751 552 1823 dimoveri
567 1776 670 1849 posse
689 1751 906 1823 viderentur.

252 1872 296 1938 Et
320 1866 467 1964 quidem
491 1891 570 1956 rex,
601 1867 700 1965 quod
726 1865 831 1964 (curn
858 1882 986 1962 treugae
1015 1867 1087 1937 istae
1115 1865 1263 1939 annales

203 1983 297 2054 initae
318 1982 476 2074 fuerant,
497 1997 532 2054 et
551 1998 692 2081 tempus
711 1996 746 2055 et
762 1983 881 2069 locus,
901 1980 947 2054 ad
972 1979 1263 2052 conveniendum

204 2124 270 2198 pro
290 2099 475 2172 tractanda
500 2098 556 2171 vel
573 2124 679 2197 pace,
702 2099 756 2170 vel
777 2098 1013 2197 productione
1037 2111 1260 2192 treugarum,

204 2214 378 2310 condicti)
404 2229 548 2313 cuperet
576 2239 701 2313 pacem
722 2213 921 2304 conciliari,
945 2211 1161 2311 quibusdam
1182 2213 1265 2284 satis

205 2328 452 2427 probahilibus
475 2329 614 2402 indiciis
637 2330 850 2402 ostenderat.
880 2335 969 2401 Nam
991 2344 1025 2400 et
1045 2328 1176 2399 militiae
1193 2352 1264 2398 suae

206 2441 441 2539 stipendiariae
464 2442 560 2513 mille
588 2457 623 2512 et
641 2442 803 2540 amplius
828 2443 990 2528 lanceasq
1017 2455 1097 2538 post
1125 2455 1265 2535 treugas

206 2557 413 2654 hujusmodi
430 2582 633 2655 percussas,
655 2561 889 2649 cassaverat¹,
908 2573 943 2630 et
958 2554 1261 2647 Tomacensibus,

206 2674 306 2772 quod
324 2676 479 2745 inantea
503 2674 664 2773 praesidia
686 2698 750 2744 sua
773 2675 919 2745 minime
935 2672 1111 2770 recepturi
1124 2671 1262 2759 forent,

207 2805 446 2880 concesserat,
476 2790 538 2863 sed
568 2816 642 2862 sese
675 2806 845 2888 tanquam
880 2790 1056 2861 neutrales
1082 2788 1268 2858 continere

208 2922 373 3005 possent;
394 2920 429 2977 et
454 2905 522 2978 alia
540 2907 714 2980 nonnulla
740 2907 868 2978 iecerat
890 2920 995 3002 atque
1015 2905 1169 2997 dixerat,
1190 2929 1269 3000 quae

208 3022 457 3113 verisimiliter,
485 3022 512 3093 si
542 3047 616 3093 non
639 3037 792 3121 optasset
814 3036 920 3119 atque
940 3033 1110 3120 sperasset
1132 3017 1179 3091 ad
1203 3042 1267 3115 pa·

208 3162 288 3209 cem
319 3139 374 3209 vel
412 3152 572 3234 treugam
605 3139 833 3236 prolixiorem
865 3137 1028 3209 debuisse
1059 3136 1264 3234 pervenire,

209 3256 356 3327 minime
377 3255 536 3327 dicturus
552 3255 751 3328 facturusve
770 3256 900 3328 suisset.
924 3260 1056 3326 Vemm
1075 3253 1134 3324 illa
1149 3252 1269 3323 existi·

208 3371 338 3463 matio,
357 3371 529 3468 quamde
553 3373 643 3467 regis
659 3371 751 3443 dolis
774 3386 809 3442 et
830 3369 998 3469 perfidia,
1022 3370 1074 3440 uti
1096 3366 1266 3455 diximus,

208 3486 354 3562 infixam
368 3486 562 3581 habehant,
575 3512 638 3559 eos
653 3487 928 3585 pertinacissime
941 3484 1104 3576 detinuit,
1116 3497 1170 3573 ut,
1186 3506 1269 3552 curn

208 3628 270 3697 eo,
290 3630 395 3704 super
416 3629 504 3703 pace
520 3604 577 3674 vel
600 3603 792 3701 prolixiore
812 3617 955 3696 treuga,
978 3599 1117 3670 nullum
1138 3612 1268 3669 tracta·

209 3733 285 3790 tum
308 3734 369 3793 aut
389 3735 606 3792 conventum
621 3717 747 3791 haberi
765 3718 914 3808 vellent,
934 3716 1002 3786 nisi
1018 3714 1116 3812 prius
1135 3727 1266 3803 terras,

195 3844 297 3932 'quas
312 3852 394 3934 post
413 3835 552 3909 obitum
569 3835 669 3907 ducis
684 3834 819 3925 Caroli,
841 3846 967 3907 contra
985 3845 1148 3904 tenorem
1167 3830 1270 3900 inita·

249 4032 278 4086 1.
300 4032 380 4089 Cette
393 4027 542 4086 reduction
556 4040 599 4086 est
611 4028 764 4105 rapportee
777 4045 830 4107 par
843 4026 1074 4105 l'Iuterpotateur
1088 4023 1125 4082 de
1139 4024 1165 4080 la
1182 4021 1266 4080 chro‘

208 4123 297 4200 nique
309 4123 492 4183 scaudaleuse
506 4141 543 4181 au
556 4122 628 4179 mois
642 4121 678 4178 de
692 4140 768 4179 mars
782 4119 818 4180 de
836 4120 949 4179 l'annee
963 4121 1052 4178 itin.
1069 4115 1268 4193 Bibliotheque

208 4217 244 4275 de
258 4205 364 4274 l'Ecole
377 4216 427 4275 des
440 4215 564 4287 enarres,
580 4229 602 4273 t.
618 4218 646 4275 11
662 4217 703 4289 (4·
717 4215 812 4289 serie),
827 4234 857 4294 p.
875 4216 944 4273 568.
