2946 5070
318 507 356 564 Bb
588 507 849 565 flnwulanuu
868 506 1045 565 tuuovtcr
1065 506 1109 562 XI
1152 508 1154 512 ’

670 765 928 836 CAPITULUM
953 767 1028 835 XV.

319 953 356 1005 oe
373 951 466 1024 proelio
479 946 555 1004 ducis
567 949 676 1002 dustria
691 961 716 1000 et
728 949 748 1001 F
749 948 927 1021 lamingorum
939 962 1031 1002 contra
1039 949 1156 1005 Francos
1169 951 1237 1005 inter
1247 950 1385 1005 Morinum

767 1045 793 1087 et
802 1034 935 1090 Hesdinclr.

370 1207 461 1275 Cum
477 1224 563 1273 vero
575 1199 651 1273 baec
667 1200 705 1270 in
724 1198 929 1295 Burgundia
946 1200 993 1271 ita
1017 1199 1172 1272 factitata
1189 1216 1328 1294 essent,
1344 1227 1386 1275 ex

321 1315 506 1388 communi
522 1325 697 1384 terrarum
724 1311 897 1382 Flandriae
912 1325 948 1383 et
969 1313 1119 1384 aliarum
1136 1312 1387 1386 soederatarum

323 1425 600 1514 deliberatione,
630 1424 774 1495 illustris
790 1423 957 1521 princeps
984 1448 1083 1515 suus,
1114 1421 1187 1495 dux
1218 1427 1386 1514 Austriae,

323 1539 474 1611 collecta
487 1536 604 1609 valida
626 1536 781 1608 militum
809 1558 942 1629 manu,
958 1537 1133 1635 praecipue
1155 1561 1199 1608 ex
1222 1537 1390 1612 Flandria

323 1665 358 1720 et
376 1647 725 1736 Sancto-OdomarO,
740 1648 836 1724 eirca
853 1671 1013 1720 mensem
1025 1648 1179 1743 augusti¹
1193 1647 1388 1747 profectus,

321 1762 422 1857 juxta
440 1761 638 1839 Morinum¹
654 1773 768 1831 castra
782 1772 934 1831 metatus
945 1774 1009 1831 est.
1027 1763 1106 1832 Non
1130 1774 1248 1831 tamen
1268 1761 1391 1834 civita·

326 1889 418 1964 tem,
438 1872 602 1968 quamvis
615 1873 698 1944 satis
723 1887 872 1968 angusta
896 1871 1057 1964 exsistat,
1071 1885 1183 1943 totam
1199 1870 1391 1945 obsidione

328 1986 449 2058 cinxit.
655 1991 660 2000 '

376 2098 465 2194 Ubi,
500 2124 584 2172 cum
602 2099 725 2198 paucis
752 2098 897 2171 sedisset
919 2097 1059 2191 diebus,
1088 2114 1235 2199 accepto
1263 2101 1392 2173 nuntio

327 2211 426 2308 quod
460 2213 585 2283 Franci
616 2234 699 2280 cum
734 2234 866 2304 magno
899 2212 1061 2305 equitum
1094 2225 1201 2308 atque
1231 2212 1393 2310 peditum

329 2327 485 2398 exercitu
512 2350 574 2397 eos
598 2326 740 2422 aggredi
763 2326 1013 2424 disponerent,
1039 2327 1230 2398 consilium
1257 2328 1396 2428 accepit

330 2467 404 2514 non
436 2466 500 2513 eos
538 2466 651 2541 prope
682 2441 859 2540 oppidum
890 2456 1119 2540 exspectare,
1153 2442 1216 2513 sed
1249 2444 1393 2515 concito

332 2583 452 2654 gressu
478 2556 614 2628 eisdem
630 2555 775 2630 obviarn
792 2556 982 2655 proficisci.
1004 2559 1111 2628 Motis
1133 2558 1254 2655 itaque
1273 2560 1395 2631 castris

331 2689 482 2766 mature,
499 2675 607 2773 coepit
628 2675 694 2746 iter
706 2674 853 2747 tendere
872 2698 994 2746 versus
1008 2675 1184 2773 oppidum
1200 2675 1393 2767 Hesdincli,

333 2791 475 2887 suisque
499 2788 678 2888 dispositis
706 2789 864 2880 aciebus,
895 2791 1060 2863 inventos
1084 2795 1239 2863 Francos
1264 2816 1396 2889 magno

332 2902 492 2999 equitum
506 2916 612 2999 atque
628 2901 789 3000 peditum
802 2927 968 2995 numeru,
984 2903 1046 2999 qui
1064 2902 1109 2974 de
1122 2902 1152 2998 ej
1158 2902 1285 2974 nsdem
1296 2904 1396 2976 ducis

333 3019 474 3089 bustriae
503 3016 550 3092 ad
574 3042 638 3091 eos
666 3017 823 3089 adventu
855 3017 944 3089 nihil
973 3032 1078 3090 antea
1109 3017 1394 3116 suspicabantur,

335 3157 519 3229 aggressus
538 3135 622 3205 θεῖ’.
648 3134 692 3204 Ηί
710 3148 829 3205 autem
860 3135 981 3229 quiin
1005 3135 1120 3231 prima
1140 3135 1216 3205 acie
1244 3135 1397 3207 militum

336 3251 437 3324 ducis
465 3250 571 3322 locati
603 3264 717 3341 erant,
738 3251 910 3347 impetum
930 3251 1092 3346 equitum
1108 3255 1311 3322 Fancorum
1323 3275 1397 3322 non

337 3366 500 3457 serentes,
513 3365 642 3463 partim
656 3366 753 3454 caesi,
766 3365 896 3463 partim
906 3363 994 3462 fugae
1010 3365 1173 3463 prasidio
1190 3379 1395 3453 evaserunt;

337 3496 373 3553 et
393 3506 436 3552 ex
452 3480 632 3576 equitibus
648 3481 750 3553 ducis
777 3481 916 3553 circiter
936 3482 1032 3553 mille
1059 3496 1096 3553 et
1119 3481 1315 3575 octingenti
1346 3481 1400 3552 su·

338 3621 419 3692 gam
433 3611 648 3694 acceperunt
661 3620 782 3667 versus
798 3596 974 3695 oppidum
991 3596 1199 3668 deAere⁸et
1214 3598 1400 3667 Sanctum·

379 3768 406 3823 i.
432 3768 521 3824 ¹479.

378 3862 407 3917 2.
429 3857 629 3917 derouanne.

376 3956 404 4012 3.
428 3957 468 4011 Le
483 3950 603 4023 semodi,
620 3957 636 4010 '1
651 3954 731 4024 aodt,
744 3952 786 4010 les
799 3952 933 4028 Francais
946 3952 1129 4030 occupantia
1142 3965 1299 4028 mentagrae
1312 3951 1399 4012 d’En·

338 4045 408 4125 quin
433 4058 462 4104 et
487 4045 515 4103 le
541 4043 685 4105 mamalou
714 4044 951 4123 d'Enquinegatte
975 4044 1048 4102 sitne
1075 4045 1194 4122 aupffis,
1219 4064 1258 4103 au
1282 4045 1338 4104 sud
1365 4044 1400 4102 de

289 4122 309 4143 ”
336 4141 535 4202 Therouanne.

378 4240 406 4294 i.
431 4237 513 4307 Aire,
531 4234 712 4307 aujourd'bui
726 4235 796 4294 dnus
810 4235 837 4292 le
850 4233 1047 4312 departement
1061 4233 1100 4292 du
1114 4235 1339 4295 Pas-decelais.
