2946 5070
591 503 704 559 trualt
730 500 880 559 rttttttts.
1212 503 1269 559 325

205 636 420 734 patentibus,
435 637 472 707 in
485 659 607 708 secura
619 650 654 706 et
666 633 779 706 libera
789 633 916 730 degere
927 627 1147 731 paupertate,
1161 657 1271 729 quarn

203 777 270 850 pro
302 736 609 849 quarumcumque
636 776 748 848 opum
774 774 856 849 spe,
890 773 979 846 quas
1008 752 1146 846 assequi
1167 775 1270 847 posse

202 869 375 940 aestimare
390 858 522 961 liceret,
541 866 608 941 sub
625 868 718 940 illius
731 890 880 939 manum
896 879 1019 936 ettam
1040 863 1199 960 fragilem
1214 866 1269 937 lu·

202 982 411 1082 bricamque
429 984 556 1077 fidem,
575 1009 684 1081 quem
704 985 811 1057 talem
833 981 1005 1055 etiamad
1024 1007 1091 1054 nos
1108 984 1271 1056 animum
1355 1010 1364 1025 “

202 1125 323 1197 gerere
338 1102 592 1200 comperimus,
607 1125 674 1173 nos
689 1088 863 1199 reponere
880 1123 889 1168 ε
911 1100 1102 1196 praesertim
1117 1124 1201 1170 cum
1214 1125 1271 1171 re-

201 1216 341 1290 sidendi
366 1219 403 1289 in
425 1219 572 1291 ecclesia
594 1233 734 1319 nostra,
762 1216 864 1313 cujus
892 1215 1106 1287 desiderium
1132 1241 1198 1287 nos
1223 1216 1270 1288 ad

201 1336 452 1408 revertendum
476 1337 631 1410 maxime
655 1334 902 1436 persuaderet,
936 1350 1101 1431 negatam
1132 1360 1272 1435 semper

202 1450 406 1523 facultatem
418 1452 636 1543 noverimus,
653 1475 720 1521 nec
736 1449 774 1523 id
788 1448 893 1521 nobis
908 1449 1064 1548 permitti
1078 1449 1268 1545 ullatenus,

201 1568 309 1641 etiam
331 1594 398 1666 pro
414 1570 653 1640 maximorum
673 1582 780 1663 atque
803 1566 1118 1639 illustrissimorum
1137 1569 1269 1665 princi·

200 1708 288 1782 pum
316 1686 566 1758 intercessione
591 1683 828 1784 precibusque
855 1683 954 1756 factis
980 1708 1048 1782 pro
1072 1682 1190 1774 nobis,
1214 1684 1270 1757 his

201 1801 423 1897 temporibus
436 1799 567 1898 quibus
583 1798 629 1871 ad
645 1824 764 1896 regem
784 1801 957 1873 amicitias
970 1801 1142 1873 maximas
1157 1826 1270 1900 copu-

170 1968 173 1973 ·
200 1914 292 1986 lasse
309 1915 613 2008 existimabantur,
634 1939 656 1987 a
676 1938 758 2011 rege
777 1915 967 2014 impetrare
983 1917 1216 2014 potuerimus.

251 2032 405 2102 Assoruit
424 2030 530 2103 nobis
547 2030 655 2102 semel
675 2029 824 2126 quidam
844 2032 957 2103 homo
977 2032 1162 2126 insigniter
1186 2034 1268 2104 satis

199 2146 329 2219 doctus
352 2161 459 2244 atque
476 2148 663 2240 litteratus,
680 2170 756 2218 non
778 2147 926 2244 quidem
943 2147 1093 2242 vulgari,
1116 2146 1179 2218 sed
1195 2149 1266 2220 sin·

200 2263 314 2360 gulari
331 2262 437 2335 nobis
450 2263 605 2335 amicitia
616 2263 775 2359 junctus,
793 2261 968 2335 audivisse
985 2285 1022 2334 se
1039 2263 1265 2337 secretarium

200 2377 394 2476 quemdam
413 2378 635 2450 illustrissimi
651 2378 790 2452 domini
806 2377 907 2450 ducis
932 2379 1159 2474 burgundiae,
1183 2383 1263 2480 qui,

200 2519 242 2566 ex
272 2496 371 2567 curia
396 2496 487 2591 regis
511 2495 557 2567 ad
581 2519 690 2592 quam
714 2520 782 2593 pro
809 2495 991 2567 nonnullis
1017 2497 1131 2569 causis
1155 2521 1177 2570 a
1199 2523 1264 2570 suo

201 2608 313 2682 fuerat
326 2611 487 2711 principe
500 2609 709 2704 destinatus,
723 2625 915 2700 revertens,
930 2626 1146 2696 assereretse
1160 2612 1264 2686 afrde

199 2732 315 2837 dignis
331 2730 483 2804 audiisse
496 2732 533 2802 in
546 2730 673 2805 eadem
686 2731 786 2805 curia
797 2755 916 2828 regem
930 2733 1189 2804 comminatum
1202 2758 1265 2805 no-

200 2849 256 2922 bis
276 2849 481 2921 saevissimas
498 2872 636 2946 poenas,
657 2849 884 2920 inimicorum
900 2870 1090 2920 accensum
1103 2847 1264 2923 nefandis

200 2964 497 3061 suggestionibus,
516 2965 546 3037 si
559 2962 754 3059 aliquando
770 2987 838 3036 nos
851 2960 918 3036 sub
935 2986 998 3034 sua
1017 2979 1264 3038 manutenere

200 3098 337 3180 posset,
366 3083 536 3180 quodque
560 3107 603 3154 ex
628 3080 733 3152 nobis
753 3095 789 3152 et
808 3078 855 3151 de
872 3079 989 3172 nobis,
1009 3079 1106 3176 quod
1126 3086 1263 3156 cunctis

200 3202 328 3272 merito
336 3215 508 3273 terrorem
517 3197 663 3272 deberet
676 3197 846 3290 incutere,
861 3195 1034 3295 preberet
1044 3199 1259 3296 exemplum.

201 3322 340 3411 Avertat
361 3322 456 3389 Deus
472 3316 519 3388 ab
535 3315 704 3403 omnibus
724 3314 796 3386 suis
812 3311 976 3385 fidelibus
991 3327 1063 3385 tam
1084 3317 1179 3387 triste
1198 3341 1261 3414 pa·

200 3432 429 3530 vendumque
463 3429 689 3532 prodigiuml
722 3430 830 3518 Quod
866 3430 930 3501 etsi
966 3430 1120 3523 nemini,
1153 3432 1260 3505 etiam

199 3551 428 3646 quantumvis
440 3550 598 3641 inimico,
613 3547 765 3620 ominari
776 3545 965 3635 vellemus,
979 3545 1044 3617 ubi
1059 3561 1179 3619 tamen
1193 3548 1262 3619 tale

199 3664 346 3763 aliquod
370 3664 555 3771 disciplina
574 3662 721 3767 publica
737 3662 900 3758 salusque
916 3664 1036 3761 patriae
1059 3666 1261 3762 exemplum

199 3778 356 3877 praestari
371 3776 592 3876 deposceret,
610 3791 815 3874 optaremus
834 3776 954 3875 potius
973 3776 1012 3848 id
1027 3776 1073 3849 de
1097 3777 1181 3867 alio,
1200 3777 1262 3848 tali

200 3889 439 3962 exsecratione
458 3887 567 3984 digno
584 3912 626 3958 ac
644 3886 737 3960 bene
755 3888 896 3981 merito,
924 3888 1002 3960 dari
1026 3914 1089 3961 seu
1105 3890 1260 3987 praestari

200 4006 415 4103 exemplum,
434 4029 544 4102 quam
560 4002 658 4101 quod
670 4003 715 4076 de
732 4004 836 4076 nobis
850 4005 947 4103 ipsis,
959 3986 1092 4101 nullius
1101 4007 1261 4079 criminis

201 4118 326 4214 procul
341 4116 453 4189 dubio
471 4117 635 4208 consciis,
650 4132 859 4188 sumeretur.

251 4238 337 4322 Quae
351 4259 407 4307 res
422 4236 542 4326 etiam,
556 4233 704 4305 cumbis
717 4256 795 4329 quae
808 4234 883 4330 jam
896 4235 965 4306 late
979 4233 1175 4327 retulimus,
1196 4262 1263 4308 nos
