2946 5070
195 457 253 513 tes
474 451 734 516 utstotttltttttt
750 454 929 513 tttuovtct
948 456 991 514 xl

195 585 391 686 equitandi.
412 590 500 658 Nam
515 586 766 659 venationibus
782 602 876 689 tutus
891 613 991 686 paene
1006 589 1149 662 deditus
1163 608 1250 683 erat;

198 706 375 802 totiusque
385 704 490 802 [regni
508 704 561 774 sui
578 729 742 802 proceres
760 705 1008 802 hujuscemodi
1027 709 1254 781 venationum
1296 763 1300 770 .

196 819 368 894 exercitiis
383 833 420 893 et
433 819 729 914 recreationibus,
747 846 791 894 ex
804 821 1026 895 insaturabili
1043 838 1080 895 ct
1094 823 1258 899 effrenata

197 937 381 1030 aviditate,
403 936 527 1010 edictis
544 939 616 1021 suis
640 963 714 1010 non
732 937 806 1009 sub-
819 938 958 1011 minore
977 965 1129 1014 censura
1155 967 1259 1038 quam

198 1064 461 1137 confiscationis
477 1065 638 1162 corporis
653 1078 688 1134 et
705 1064 888 1136 bonorum
901 1082 1105 1138 removerat
1115 1072 1140 1153 ¹,
1160 1084 1262 1167 prout

199 1183 235 1253 iu
259 1178 502 1278 superioribus
524 1180 631 1254 etiam
655 1179 813 1254 retulisse
830 1179 1058 1252 meminimus
1070 1185 1094 1252 ⁸.
1112 1182 1169 1254 sd
1186 1181 1262 1254 ulti·

200 1320 301 1369 mum
314 1319 421 1386 vero,
443 1318 525 1366 cum
541 1294 616 1390 jam
636 1318 704 1365 nec
721 1293 873 1393 pedibus
889 1294 1074 1369 ambulare
1091 1323 1160 1369 nec
1175 1323 1265 1395 equo

203 1413 333 1485 restari
349 1425 486 1509 posset,
508 1411 545 1480 in
562 1434 704 1482 camera
721 1411 759 1480 in
775 1435 847 1507 qua
863 1427 938 1483 erat
957 1411 1110 1485 iaciebat
1123 1428 1221 1485 ratos
1234 1429 1267 1486 et

202 1553 321 1603 mures
341 1528 442 1599 rivos
457 1526 587 1620 afferri,
609 1542 644 1598 et
660 1528 908 1628 hujuscemodi
926 1529 1090 1615 sordidas
1105 1522 1268 1604 bestiolas

203 1671 268 1746 per
286 1669 406 1735 cartes,
422 1669 513 1742 quos
525 1644 774 1741 hujuscemodi
787 1669 895 1718 causa
905 1647 1060 1718 exercitii
1078 1644 1266 1738 nutriebat,

205 1763 325 1837 retiari
341 1787 464 1835 coram
480 1787 518 1833 se
532 1764 553 1833 ³.

256 1880 365 1976 Cujus
391 1881 499 1952 etiam
514 1881 564 1951 rei
593 1880 721 1974 gratia,
749 1905 825 1951 rem
843 1879 1085 1952 stultissimam
1112 1894 1148 1955 et
1177 1905 1268 1977 qtae,

207 2012 341 2096 spirante
365 2012 454 2068 esset
477 1997 628 2092 gratitas
650 2010 684 2066 et
698 1997 871 2094 sapientia
887 1996 1044 2067 bominis
1061 1996 1184 2094 palam
1199 2020 1271 2067 om-

210 2115 316 2187 uibus
343 2113 491 2204 laceret,
528 2111 603 2184 fieri
631 2113 744 2207 jussit.
780 2112 994 2187 tusis-:enim
1015 2115 1273 2185 commissarios

148 2260 153 2267 ·
211 2232 257 2303 ad
275 2230 403 2303 urbem
417 2228 741 2327 Rotboma'geusem
756 2246 792 2301 et
807 2226 876 2302 alia
893 2230 1050 2328 plurima
1062 2232 1163 2326 regni
1180 2232 1271 2322 lom,

212 2346 274 2443 qui
289 2370 332 2416 ex
356 2345 465 2444 ipsius
483 2348 691 2417 auctoritate
706 2343 873 2440 juberent
892 2344 960 2416 sub
976 2370 1085 2443 poena
1099 2345 1274 2419 conmea-

216 2462 322 2533 tiuuis
338 2461 500 2559 corporis
517 2476 552 2532 et
567 2460 751 2532 bonorum
772 2474 811 2530 ut
829 2484 956 2530 omnes
978 2484 1105 2551 canes,
1127 2462 1228 2559 parvi
1244 2472 1276 2533 et

217 2579 357 2673 magui,
385 2578 430 2649 nd
447 2602 557 2649 uuam
575 2579 729 2676 plateam
747 2576 976 2647 ducerentur.
1006 2576 1151 2664 Quibus
1171 2580 1224 2648 sic
1243 2578 1274 2647 iu

217 2720 330 2768 utuuu
356 2694 532 2785 sullectis,
557 2719 649 2790 quos
669 2694 839 2764 ducerent
863 2692 1064 2789 eligendos,
1092 2693 1141 2764 ad
1166 2717 1277 2787 regem

220 2817 255 2886 iu
290 2814 446 2885 caturcis
477 2826 511 2884 et
543 2811 716 2882 vehiculis
743 2812 889 2905 ligatos*
922 2810 1111 2902 teberent,
1148 2809 1276 2909 pmlati

219 2933 374 3003 exemitii
408 2929 462 3000 sui
487 2952 614 3016 causa,
644 2942 682 2996 ut
711 2928 884 3024 praedicta¹
912 2941 984 2996 tam
1007 2927 1157 3020 insignis
1179 2909 1279 2996 veria·

221 3048 328 3119 tinnis
344 3047 524 3143 voluptate
541 3044 727 3142 potiretur.
746 3043 940 3138 simileque
957 3041 1232 3137 quodammodo
1247 3041 1279 3112 iu

223 3166 292 3236 tuc
314 3164 462 3236 liciebat
482 3161 785 3232 oblectamentum
804 3162 1011 3231 Domitiano
1027 3162 1178 3251 Catari,
1203 3161 1277 3258 qui,

223 3297 260 3353 ut
284 3279 510 3376 Trarupullus
536 3276 658 3365 telem,
686 3276 775 3347 dum
804 3278 842 3347 in
871 3292 1008 3347 secreto
1039 3274 1203 3346 urbiculi
1224 3299 1281 3373 per

222 3397 338 3469 etium
352 3409 479 3473 staret.
496 3392 589 3489 iaetu
612 3392 756 3465 flabello
778 3407 813 3463 et
833 3416 972 3464 muscas
992 3391 1203 3477 caedendo‘,
1225 3414 1281 3461 ro·

223 3512 396 3611 luptatem
410 3509 619 3608 atmpiebat.

264 3664 293 3719 l.
319 3662 495 3719 temese
506 3657 578 3715 dms·
594 3656 623 3713 te
636 3677 690 3714 m.

262 3757 293 3811 a.
316 3755 405 3811 tome
419 3756 464 3813 ll„
479 3772 511 3829 p.
527 3755 578 3810 tt.

264 3853 292 3907 3.
315 3847 440 3906 veeste
461 3845 767 3924 registrrkfflddes
786 3847 925 3904 sutrim
943 3847 979 3904 de
999 3843 1284 3924 [lausanensis

223 3939 1285 4023 mmpmuttesdqensedetmsxtmttsthnmrioeu

223 4034 1283 4113 utimucuescrsstepmeurttestspuuffiefflumm

265 4157 292 4192 s.
317 4134 370 4189 Ns
389 4135 505 4207 lagunas.

264 4232 291 4283 5.
316 4229 373 4283 Ne«
386 4244 427 4281 «t
438 4230 542 4282 mm
552 4224 691 4280 adeda·
