2946 5070
510 455 619 510 LIBER
646 453 835 510 SEPTIMUS·
1143 462 1200 518 177
1290 462 1294 469 ’

145 596 253 678 atque
268 583 428 675 inimica,
449 581 654 682 deputanda
675 597 776 672 sunt,
801 585 953 656 maxime
969 586 1032 659 ubi
1055 613 1098 659 ex
1117 590 1201 671 dolo

145 699 242 770 malo
275 714 311 770 et
339 701 506 772 ementita
538 697 609 771 fide
641 698 819 770 ducuntur
849 715 884 772 et
915 702 1198 801 proficiscuntur.

146 817 251 911 Atqui
279 817 315 887 in
338 831 411 888 tam
428 817 547 888 multis
563 839 663 886 suam
684 814 866 887 stultitiam
892 818 1009 915 palam
1037 823 1203 901 manifes-

146 932 261 1024 tabat,
294 932 394 1028 quod
422 957 506 1039 euin
533 956 677 1030 prorsus
703 955 856 1002 vacuum
886 931 990 1005 luisse
1015 937 1202 1033 prudentia

145 1049 265 1121 nullus
279 1052 356 1120 sani
368 1048 492 1144 judicii
508 1045 686 1144 ambigere
700 1061 826 1145 potest.
847 1050 938 1119 Cum
954 1051 1050 1121 enim
1066 1053 1204 1150 sapien·

145 1164 488 1237 tissimusSalomon
514 1161 664 1234 affirmet
688 1161 804 1259 quod,
833 1163 896 1257 qui
915 1165 1121 1262 priusquam
1145 1193 1204 1240 au·

145 1279 250 1350 dierit
276 1278 484 1378 respondet,
514 1278 659 1349 stultum
689 1302 725 1349 se
750 1303 825 1349 esse
844 1278 1062 1351 demonstrat
1086 1282 1203 1379 (quod

143 1396 220 1494 ipse
235 1421 327 1494 saepe
345 1411 379 1467 et
397 1394 597 1492 frequenter
611 1394 725 1465 lacere
745 1394 867 1466 solitus
885 1397 1003 1492 erat),
1021 1397 1116 1507 quis,
1133 1400 1204 1474 hoc

143 1512 306 1607 cognit0,
322 1509 451 1583 habeat
473 1509 517 1581 de
534 1511 609 1606 ejus
626 1509 771 1581 stultitia
785 1508 975 1599 dubitare?

193 1627 314 1698 Plures
332 1625 376 1696 de
392 1626 537 1697 diversis
551 1625 742 1723 provinciis
757 1627 854 1720 regni
869 1626 1012 1700 adeum
1030 1648 1206 1704 venerunt

144 1744 351 1840 legationes,
379 1767 445 1840 pro
475 1741 612 1836 magnis
643 1755 679 1812 et
706 1739 825 1811 arduis
849 1742 964 1814 causis
988 1760 1025 1817 et
1058 1749 1206 1842 negotiis

144 1873 274 1930 statum
283 1854 871 1956 provincialiumconcernentibus.
882 1857 1021 1944 Quibus
1032 1885 1114 1932 cum
1124 1862 1207 1937 data

143 1991 234 2048 esset
250 1976 396 2049 facultas
418 1999 540 2069 coram
564 1999 608 2045 eo
625 1974 855 2070 comparendi
884 1990 919 2045 et
944 1976 1123 2049 audientia
1148 1979 1207 2050 de·

144 2107 257 2180 creta,
276 2092 377 2189 quasi
396 2091 559 2163 omnium
580 2090 798 2185 cogitatuum
823 2114 971 2162 suorum
990 2105 1025 2162 et
1039 2092 1209 2166 dicendo·

144 2233 226 2279 rum
242 2232 382 2306 percos
407 2223 497 2279 esset
520 2205 702 2293 conscius,
728 2205 826 2303 prior
845 2206 937 2304 ipse,
956 2221 1127 2305 tauquam
1145 2236 1209 2308 per

146 2348 208 2395 eos
230 2323 304 2419 jam
328 2322 430 2394 dictis
453 2345 704 2420 responsurus,
729 2319 839 2392 verba
858 2321 972 2394 iacere
994 2323 1204 2421 incipiebat,

145 2439 324 2510 interdum
341 2435 481 2536 probris
498 2452 533 2508 et
549 2435 774 2508 contumeliis
792 2437 916 2534 plena,
936 2461 1020 2509 cum
1033 2441 1207 2513 stomachi

145 2554 252 2625 etiam
278 2552 407 2625 acerba
431 2551 674 2646 indignatione
698 2576 707 2618 τ
729 2550 777 2621 ita
798 2565 838 2620 ut
860 2551 1037 2648 supplices
1063 2555 1124 2649 qui
1150 2555 1210 2626 ad·

144 2683 330 2740 ventarent
349 2667 469 2764 legati,
493 2666 568 2762 ejus
585 2666 835 2749 commotione
847 2667 1026 2758 deterriti,
1053 2668 1208 2764 plerum·

145 2808 215 2880 que
232 2780 331 2878 quod
345 2781 567 2879 prosecuturi
584 2780 729 2850 fuissent
745 2794 780 2851 et
794 2779 911 2852 dicere
927 2798 1204 2879 proposuerant,

147 2898 265 2995 potius
278 2897 454 2969 silendum
470 2895 640 2967 ducerent
658 2918 766 2989 quam
793 2895 1078 2993 exprimendum.
1099 2899 1206 2983 Quod

145 3015 174 3085 si
190 3014 278 3084 sorte
302 3014 353 3102 eis
375 3026 411 3083 et
429 3011 571 3083 dicendi
598 3010 741 3081 daretur
756 3011 872 3102 locus,
891 3026 1009 3083 tamen
1028 3012 1100 3101 vix,
1115 3039 1206 3113 'curn

145 3130 332 3202 exordium
362 3128 603 3218 inchoassent,
634 3127 786 3224 spatium
809 3125 855 3197 ad
882 3127 1016 3224 aliquid
1037 3152 1208 3201 enarran-

146 3247 234 3318 dum
260 3242 592 3315 concludendumve
624 3239 876 3338 praestabatur3
907 3242 970 3313 sed
1001 3244 1126 3340 saepius
1159 3244 1205 3318 ab

146 3385 190 3432 eo
218 3384 343 3429 eorum
365 3354 689 3454 interrumpebatur
714 3356 852 3444 oratio,
879 3370 914 3427 et
933 3371 972 3427 ut
991 3355 1099 3428 finem
1126 3384 1205 3430 ser-

148 3475 248 3546 moni
268 3474 424 3545 lacerent
439 3470 494 3542 vel
511 3495 672 3566 sequani
690 3469 832 3540 brevius
852 3468 1077 3543 absolverent
1092 3473 1206 3573 impe-

147 3590 320 3662 rebatur:
349 3604 486 3661 tautum
522 3587 767 3660 inardescebat
800 3588 917 3659 studio
951 3589 1003 3660 vel
1038 3590 1206 3664 laciendae

147 3706 406 3804 responsionis,
437 3705 491 3775 vel
515 3706 641 3805 quovis
670 3705 739 3775 alio
772 3703 981 3776 divertendi.
1012 3707 1116 3801 atqui
1153 3733 1206 3779 re·
1294 3694 1298 3703 ’

146 3823 377 3922 sponsionem
408 3820 468 3891 ubi
501 3820 614 3891 lacere
647 3819 934 3915 aggrediebatur,
967 3835 1039 3892 tarn
1070 3823 1204 3897 inculto

146 3939 454 4036 incompositoque
479 3961 515 4007 se
542 3936 722 4009 elludebat
749 3962 932 4029 sermone,
967 3938 1065 4035 quod
1088 3939 1125 4009 in
1153 3940 1206 4012 dt·

146 4055 262 4129 cendo
292 4077 399 4151 supra
433 4051 583 4150 duplum
611 4050 712 4149 spatii
749 4066 782 4121 et
814 4053 1000 4150 temporis,
1033 4055 1131 4149 quod
1157 4056 1203 4130 ad

144 4197 268 4244 coram
295 4194 331 4240 se
366 4168 542 4241 orandum
575 4165 784 4260 indulserat,
816 4191 959 4243 suarum
991 4166 1203 4267 ineptiarum

224 4310 261 4352 ur
1025 4286 1064 4343 12
