<?xml version="1.0" encoding="UTF-8"?>
<!DOCTYPE html PUBLIC "-//W3C//DTD XHTML 1.0 Transitional//EN"
    "http://www.w3.org/TR/xhtml1/DTD/xhtml1-transitional.dtd">
<html xmlns="http://www.w3.org/1999/xhtml" xml:lang="en" lang="en">
 <head>
  <title>
</title>
<meta http-equiv="Content-Type" content="text/html;charset=utf-8" />
  <meta name='ocr-system' content='tesseract 3.04.00' />
  <meta name='ocr-capabilities' content='ocr_page ocr_carea ocr_par ocr_line ocrx_word'/>
</head>
<body>
  <div class='ocr_page' id='page_1' title='image "./histoiredesrgne00amelgoog_0067.png"; bbox 0 0 2946 5070; ppageno 0'>
   <div class='ocr_carea' id='block_1_1' title="bbox 179 446 1239 680">
    <p class='ocr_par' dir='ltr' id='par_1_1' title="bbox 179 446 1239 680">
     <span class='ocr_line' id='line_1_1' title="bbox 181 446 973 508; baseline 0.004 -3"><span class='ocrx_word' id='word_1_1' title='bbox 181 446 219 505; x_wconf 84' lang='lat' dir='ltr'>lo</span> <span class='ocrx_word' id='word_1_2' title='bbox 459 450 714 508; x_wconf 75' lang='lat' dir='ltr'>tttSToulsltUtt</span> <span class='ocrx_word' id='word_1_3' title='bbox 735 451 911 508; x_wconf 77' lang='lat' dir='ltr'>tunovmt</span> <span class='ocrx_word' id='word_1_4' title='bbox 931 453 973 508; x_wconf 81' lang='lat' dir='ltr'>xl</span> 
     </span>
     <span class='ocr_line' id='line_1_2' title="bbox 179 579 1239 680; baseline 0.008 -25"><span class='ocrx_word' id='word_1_5' title='bbox 179 579 418 674; x_wconf 78' lang='lat' dir='ltr'><strong>distrahebat,</strong></span> <span class='ocrx_word' id='word_1_6' title='bbox 437 606 520 655; x_wconf 89' lang='lat' dir='ltr'>cum</span> <span class='ocrx_word' id='word_1_7' title='bbox 538 582 655 655; x_wconf 90' lang='lat' dir='ltr'>enim¹</span> <span class='ocrx_word' id='word_1_8' title='bbox 683 582 771 656; x_wconf 90' lang='lat' dir='ltr'>nihil</span> <span class='ocrx_word' id='word_1_9' title='bbox 798 582 845 656; x_wconf 94' lang='lat' dir='ltr'>de</span> <span class='ocrx_word' id='word_1_10' title='bbox 857 584 1039 680; x_wconf 80' lang='lat' dir='ltr'>promissis</span> <span class='ocrx_word' id='word_1_11' title='bbox 1055 601 1094 660; x_wconf 89' lang='lat' dir='ltr'>et</span> <span class='ocrx_word' id='word_1_12' title='bbox 1122 612 1239 664; x_wconf 85' lang='lat' dir='ltr'>sacra·</span> 
     </span>
    </p>
   </div>
   <div class='ocr_carea' id='block_1_2' title="bbox 59 697 1239 798">
    <p class='ocr_par' dir='ltr' id='par_1_2' title="bbox 59 697 1239 798">
     <span class='ocr_line' id='line_1_3' title="bbox 59 697 1239 798; baseline 0.004 -25"><span class='ocrx_word' id='word_1_13' title='bbox 59 700 61 704; x_wconf 72' lang='grc'><strong>’</strong></span> <span class='ocrx_word' id='word_1_14' title='bbox 179 702 308 773; x_wconf 87' lang='lat' dir='ltr'>mentis</span> <span class='ocrx_word' id='word_1_15' title='bbox 323 722 346 771; x_wconf 97' lang='lat' dir='ltr'>a</span> <span class='ocrx_word' id='word_1_16' title='bbox 361 724 398 770; x_wconf 91' lang='lat' dir='ltr'>se</span> <span class='ocrx_word' id='word_1_17' title='bbox 414 699 573 798; x_wconf 87' lang='lat' dir='ltr'>praestitis</span> <span class='ocrx_word' id='word_1_18' title='bbox 587 708 623 770; x_wconf 84' lang='lat' dir='ltr'>et</span> <span class='ocrx_word' id='word_1_19' title='bbox 636 697 740 771; x_wconf 80' lang='lat' dir='ltr'>iactis</span> <span class='ocrx_word' id='word_1_20' title='bbox 757 697 947 771; x_wconf 86' lang='lat' dir='ltr'>observare</span> <span class='ocrx_word' id='word_1_21' title='bbox 964 699 1124 774; x_wconf 87' lang='lat' dir='ltr'>curabat.</span> <span class='ocrx_word' id='word_1_22' title='bbox 1149 707 1239 779; x_wconf 83' lang='lat' dir='ltr'>Nam</span> 
     </span>
    </p>
   </div>
   <div class='ocr_carea' id='block_1_3' title="bbox 179 802 1240 1965">
    <p class='ocr_par' dir='ltr' id='par_1_3' title="bbox 179 802 1240 1965">
     <span class='ocr_line' id='line_1_4' title="bbox 179 802 1237 916; baseline 0.007 -28"><span class='ocrx_word' id='word_1_23' title='bbox 179 832 318 908; x_wconf 90' lang='lat' dir='ltr'>etcum,</span> <span class='ocrx_word' id='word_1_24' title='bbox 331 816 493 889; x_wconf 91' lang='lat' dir='ltr'>nondum</span> <span class='ocrx_word' id='word_1_25' title='bbox 503 839 648 889; x_wconf 87' lang='lat' dir='ltr'>emenso</span> <span class='ocrx_word' id='word_1_26' title='bbox 655 813 834 904; x_wconf 85' lang='lat' dir='ltr'>biennio&#39;‚</span> <span class='ocrx_word' id='word_1_27' title='bbox 849 830 990 912; x_wconf 87' lang='lat' dir='ltr'>treugas</span> <span class='ocrx_word' id='word_1_28' title='bbox 998 841 1083 890; x_wconf 90' lang='lat' dir='ltr'>cum</span> <span class='ocrx_word' id='word_1_29' title='bbox 1092 802 1237 916; x_wconf 82' lang='lat' dir='ltr'>Carolo,</span> 
     </span>
     <span class='ocr_line' id='line_1_5' title="bbox 179 930 1238 1029; baseline 0.007 -25"><span class='ocrx_word' id='word_1_30' title='bbox 179 932 271 1021; x_wconf 85' lang='lat' dir='ltr'>duce</span> <span class='ocrx_word' id='word_1_31' title='bbox 282 956 361 1023; x_wconf 92' lang='lat' dir='ltr'>suo,</span> <span class='ocrx_word' id='word_1_32' title='bbox 375 930 645 1029; x_wconf 82' lang='lat' dir='ltr'>haeredibusque</span> <span class='ocrx_word' id='word_1_33' title='bbox 661 945 697 1004; x_wconf 95' lang='lat' dir='ltr'>et</span> <span class='ocrx_word' id='word_1_34' title='bbox 714 931 967 1026; x_wconf 91' lang='lat' dir='ltr'>sucessoribus,</span> <span class='ocrx_word' id='word_1_35' title='bbox 993 934 1095 1007; x_wconf 83' lang='lat' dir='ltr'>terris</span> <span class='ocrx_word' id='word_1_36' title='bbox 1112 959 1156 1008; x_wconf 92' lang='lat' dir='ltr'>ac</span> <span class='ocrx_word' id='word_1_37' title='bbox 1169 936 1238 1011; x_wconf 91' lang='lat' dir='ltr'>do·</span> 
     </span>
     <span class='ocr_line' id='line_1_6' title="bbox 180 1047 1240 1143; baseline 0.009 -23"><span class='ocrx_word' id='word_1_38' title='bbox 180 1050 311 1142; x_wconf 89' lang='lat' dir='ltr'>miniis,</span> <span class='ocrx_word' id='word_1_39' title='bbox 330 1049 482 1122; x_wconf 86' lang='lat' dir='ltr'>subditis</span> <span class='ocrx_word' id='word_1_40' title='bbox 500 1064 536 1121; x_wconf 91' lang='lat' dir='ltr'>et</span> <span class='ocrx_word' id='word_1_41' title='bbox 551 1047 780 1123; x_wconf 79' lang='lat' dir='ltr'>servitoribus</span> <span class='ocrx_word' id='word_1_42' title='bbox 795 1051 879 1143; x_wconf 90' lang='lat' dir='ltr'>suis,</span> <span class='ocrx_word' id='word_1_43' title='bbox 897 1065 933 1123; x_wconf 92' lang='lat' dir='ltr'>et</span> <span class='ocrx_word' id='word_1_44' title='bbox 945 1074 988 1123; x_wconf 88' lang='lat' dir='ltr'>ea</span> <span class='ocrx_word' id='word_1_45' title='bbox 1010 1058 1240 1131; x_wconf 85' lang='lat' dir='ltr'>sacramentis</span> 
     </span>
     <span class='ocr_line' id='line_1_7' title="bbox 179 1164 1239 1265; baseline 0.006 -26"><span class='ocrx_word' id='word_1_46' title='bbox 179 1167 393 1259; x_wconf 82' lang='lat' dir='ltr'>arctissimis,</span> <span class='ocrx_word' id='word_1_47' title='bbox 424 1165 543 1262; x_wconf 90' lang='lat' dir='ltr'>qualia</span> <span class='ocrx_word' id='word_1_48' title='bbox 572 1166 770 1261; x_wconf 82' lang='lat' dir='ltr'>excogitare</span> <span class='ocrx_word' id='word_1_49' title='bbox 804 1164 971 1264; x_wconf 89' lang='lat' dir='ltr'>possibile</span> <span class='ocrx_word' id='word_1_50' title='bbox 997 1166 1058 1259; x_wconf 87' lang='lat' dir='ltr'>sit,</span> <span class='ocrx_word' id='word_1_51' title='bbox 1091 1167 1239 1265; x_wconf 86' lang='lat' dir='ltr'>adjectis</span> 
     </span>
     <span class='ocr_line' id='line_1_8' title="bbox 179 1281 1237 1381; baseline 0.006 -27"><span class='ocrx_word' id='word_1_52' title='bbox 179 1282 285 1354; x_wconf 89' lang='lat' dir='ltr'>etiam</span> <span class='ocrx_word' id='word_1_53' title='bbox 303 1284 418 1381; x_wconf 85' lang='lat' dir='ltr'>poenis</span> <span class='ocrx_word' id='word_1_54' title='bbox 433 1281 584 1354; x_wconf 74' lang='lat' dir='ltr'>infamiae</span> <span class='ocrx_word' id='word_1_55' title='bbox 598 1281 814 1354; x_wconf 80' lang='lat' dir='ltr'>omnimodae</span> <span class='ocrx_word' id='word_1_56' title='bbox 826 1297 862 1353; x_wconf 91' lang='lat' dir='ltr'>et</span> <span class='ocrx_word' id='word_1_57' title='bbox 872 1283 1128 1380; x_wconf 86' lang='lat' dir='ltr'>vilipensionis,</span> <span class='ocrx_word' id='word_1_58' title='bbox 1142 1287 1237 1359; x_wconf 85' lang='lat' dir='ltr'>aliis·</span> 
     </span>
     <span class='ocr_line' id='line_1_9' title="bbox 179 1385 1238 1500; baseline 0.008 -29"><span class='ocrx_word' id='word_1_59' title='bbox 179 1385 248 1499; x_wconf 93' lang='lat' dir='ltr'>que</span> <span class='ocrx_word' id='word_1_60' title='bbox 273 1403 483 1497; x_wconf 89' lang='lat' dir='ltr'>gravissimis</span> <span class='ocrx_word' id='word_1_61' title='bbox 509 1401 752 1474; x_wconf 82' lang='lat' dir='ltr'>confirmasset</span> <span class='ocrx_word' id='word_1_62' title='bbox 768 1416 874 1498; x_wconf 86' lang='lat' dir='ltr'>atque</span> <span class='ocrx_word' id='word_1_63' title='bbox 892 1400 1093 1476; x_wconf 83' lang='lat' dir='ltr'>roborasset</span> <span class='ocrx_word' id='word_1_64' title='bbox 1107 1405 1181 1500; x_wconf 82' lang='lat' dir='ltr'>(ita</span> <span class='ocrx_word' id='word_1_65' title='bbox 1198 1421 1238 1478; x_wconf 92' lang='lat' dir='ltr'>ut</span> 
     </span>
     <span class='ocr_line' id='line_1_10' title="bbox 181 1516 1238 1618; baseline 0.006 -31"><span class='ocrx_word' id='word_1_66' title='bbox 181 1534 303 1590; x_wconf 84' lang='lat' dir='ltr'><strong>neuter</strong></span> <span class='ocrx_word' id='word_1_67' title='bbox 320 1541 428 1616; x_wconf 91' lang='lat' dir='ltr'>supra</span> <span class='ocrx_word' id='word_1_68' title='bbox 440 1519 590 1591; x_wconf 88' lang='lat' dir='ltr'>alterum</span> <span class='ocrx_word' id='word_1_69' title='bbox 602 1574 612 1610; x_wconf 92' lang='lat'>,</span> <span class='ocrx_word' id='word_1_70' title='bbox 626 1517 671 1589; x_wconf 93' lang='lat' dir='ltr'>de</span> <span class='ocrx_word' id='word_1_71' title='bbox 684 1519 798 1612; x_wconf 89' lang='lat' dir='ltr'>terris,</span> <span class='ocrx_word' id='word_1_72' title='bbox 818 1516 1029 1611; x_wconf 85' lang='lat' dir='ltr'>civitatibus,</span> <span class='ocrx_word' id='word_1_73' title='bbox 1046 1519 1189 1618; x_wconf 85' lang='lat' dir='ltr'>oppidis</span> <span class='ocrx_word' id='word_1_74' title='bbox 1202 1537 1238 1593; x_wconf 92' lang='lat' dir='ltr'>et</span> 
     </span>
     <span class='ocr_line' id='line_1_11' title="bbox 179 1631 1238 1731; baseline 0.001 -24"><span class='ocrx_word' id='word_1_75' title='bbox 179 1631 320 1707; x_wconf 84' lang='lat' dir='ltr'>arcibus</span> <span class='ocrx_word' id='word_1_76' title='bbox 341 1633 643 1731; x_wconf 89' lang='lat' dir='ltr'>quibuscumque,</span> <span class='ocrx_word' id='word_1_77' title='bbox 660 1657 811 1730; x_wconf 90' lang='lat' dir='ltr'>quarum</span> <span class='ocrx_word' id='word_1_78' title='bbox 828 1648 913 1705; x_wconf 91' lang='lat' dir='ltr'>tunc</span> <span class='ocrx_word' id='word_1_79' title='bbox 922 1633 1123 1707; x_wconf 83' lang='lat' dir='ltr'>detentores</span> <span class='ocrx_word' id='word_1_80' title='bbox 1130 1650 1168 1707; x_wconf 88' lang='lat' dir='ltr'>et</span> <span class='ocrx_word' id='word_1_81' title='bbox 1176 1661 1238 1708; x_wconf 92' lang='lat' dir='ltr'>oc·</span> 
     </span>
     <span class='ocr_line' id='line_1_12' title="bbox 179 1749 1238 1850; baseline 0.001 -27"><span class='ocrx_word' id='word_1_82' title='bbox 179 1765 366 1850; x_wconf 87' lang='lat' dir='ltr'>eupatores</span> <span class='ocrx_word' id='word_1_83' title='bbox 379 1765 494 1840; x_wconf 89' lang='lat' dir='ltr'>erant,</span> <span class='ocrx_word' id='word_1_84' title='bbox 511 1749 708 1848; x_wconf 87' lang='lat' dir='ltr'>quidquam</span> <span class='ocrx_word' id='word_1_85' title='bbox 723 1751 775 1843; x_wconf 90' lang='lat' dir='ltr'>vi,</span> <span class='ocrx_word' id='word_1_86' title='bbox 792 1763 867 1822; x_wconf 88' lang='lat' dir='ltr'>astu</span> <span class='ocrx_word' id='word_1_87' title='bbox 888 1750 944 1822; x_wconf 89' lang='lat' dir='ltr'>vel</span> <span class='ocrx_word' id='word_1_88' title='bbox 955 1750 1054 1840; x_wconf 93' lang='lat' dir='ltr'>dolo,</span> <span class='ocrx_word' id='word_1_89' title='bbox 1071 1766 1134 1823; x_wconf 91' lang='lat' dir='ltr'>aut</span> <span class='ocrx_word' id='word_1_90' title='bbox 1144 1775 1238 1847; x_wconf 89' lang='lat' dir='ltr'>quo-</span> 
     </span>
     <span class='ocr_line' id='line_1_13' title="bbox 179 1865 1237 1965; baseline 0 -25"><span class='ocrx_word' id='word_1_91' title='bbox 179 1891 333 1965; x_wconf 92' lang='lat' dir='ltr'>cumque</span> <span class='ocrx_word' id='word_1_92' title='bbox 352 1867 589 1959; x_wconf 79' lang='lat' dir='ltr'>vaframento,</span> <span class='ocrx_word' id='word_1_93' title='bbox 610 1890 671 1939; x_wconf 91' lang='lat' dir='ltr'>seu</span> <span class='ocrx_word' id='word_1_94' title='bbox 697 1868 802 1939; x_wconf 89' lang='lat' dir='ltr'>etiam</span> <span class='ocrx_word' id='word_1_95' title='bbox 819 1879 945 1964; x_wconf 91' lang='lat' dir='ltr'>sponte</span> <span class='ocrx_word' id='word_1_96' title='bbox 958 1890 996 1939; x_wconf 93' lang='lat' dir='ltr'>se</span> <span class='ocrx_word' id='word_1_97' title='bbox 1023 1865 1237 1941; x_wconf 85' lang='lat' dir='ltr'>dedentibus</span> 
     </span>
    </p>
   </div>
   <div class='ocr_carea' id='block_1_4' title="bbox 179 1980 1349 2087">
    <p class='ocr_par' dir='ltr' id='par_1_4' title="bbox 179 1980 1349 2087">
     <span class='ocr_line' id='line_1_14' title="bbox 179 1980 1349 2087; baseline -0.001 -31"><span class='ocrx_word' id='word_1_98' title='bbox 179 1985 308 2057; x_wconf 84' lang='lat' dir='ltr'>accolis</span> <span class='ocrx_word' id='word_1_99' title='bbox 332 1984 495 2056; x_wconf 89' lang='lat' dir='ltr'>locorum</span> <span class='ocrx_word' id='word_1_100' title='bbox 518 1984 574 2055; x_wconf 90' lang='lat' dir='ltr'>vel</span> <span class='ocrx_word' id='word_1_101' title='bbox 592 1984 726 2055; x_wconf 89' lang='lat' dir='ltr'>arcium</span> <span class='ocrx_word' id='word_1_102' title='bbox 749 1980 973 2087; x_wconf 74' lang='lat' dir='ltr'>custodibus,</span> <span class='ocrx_word' id='word_1_103' title='bbox 1001 1982 1145 2076; x_wconf 79' lang='lat' dir='ltr'>integris</span> <span class='ocrx_word' id='word_1_104' title='bbox 1171 2008 1237 2055; x_wconf 90' lang='lat' dir='ltr'>no·</span> <span class='ocrx_word' id='word_1_105' title='bbox 1345 2068 1349 2074; x_wconf 8' lang='lat' dir='ltr'>g</span> 
     </span>
    </p>
   </div>
   <div class='ocr_carea' id='block_1_5' title="bbox 146 2098 1238 3935">
    <p class='ocr_par' dir='ltr' id='par_1_5' title="bbox 146 2098 1238 3935">
     <span class='ocr_line' id='line_1_15' title="bbox 179 2098 1237 2196; baseline 0.002 -26"><span class='ocrx_word' id='word_1_106' title='bbox 179 2125 260 2173; x_wconf 82' lang='lat' dir='ltr'>vem</span> <span class='ocrx_word' id='word_1_107' title='bbox 275 2101 378 2172; x_wconf 89' lang='lat' dir='ltr'>annis</span> <span class='ocrx_word' id='word_1_108' title='bbox 392 2099 631 2188; x_wconf 84' lang='lat' dir='ltr'>crurentibus,</span> <span class='ocrx_word' id='word_1_109' title='bbox 648 2122 792 2196; x_wconf 85' lang='lat' dir='ltr'>capere,</span> <span class='ocrx_word' id='word_1_110' title='bbox 812 2121 987 2195; x_wconf 87' lang='lat' dir='ltr'>occupare</span> <span class='ocrx_word' id='word_1_111' title='bbox 1003 2098 1059 2169; x_wconf 83' lang='lat' dir='ltr'>vel</span> <span class='ocrx_word' id='word_1_112' title='bbox 1080 2098 1237 2196; x_wconf 86' lang='lat' dir='ltr'>recipere</span> 
     </span>
     <span class='ocr_line' id='line_1_16' title="bbox 179 2211 1235 2313; baseline -0.002 -25"><span class='ocrx_word' id='word_1_113' title='bbox 179 2229 319 2313; x_wconf 90' lang='lat' dir='ltr'>posset;</span> <span class='ocrx_word' id='word_1_114' title='bbox 333 2215 421 2311; x_wconf 90' lang='lat' dir='ltr'>quin</span> <span class='ocrx_word' id='word_1_115' title='bbox 436 2215 555 2312; x_wconf 90' lang='lat' dir='ltr'>potius</span> <span class='ocrx_word' id='word_1_116' title='bbox 579 2213 640 2285; x_wconf 91' lang='lat' dir='ltr'>uhi</span> <span class='ocrx_word' id='word_1_117' title='bbox 664 2228 774 2311; x_wconf 88' lang='lat' dir='ltr'>captae</span> <span class='ocrx_word' id='word_1_118' title='bbox 800 2213 854 2284; x_wconf 86' lang='lat' dir='ltr'>vel</span> <span class='ocrx_word' id='word_1_119' title='bbox 871 2227 1051 2311; x_wconf 78' lang='lat' dir='ltr'>occupatae</span> <span class='ocrx_word' id='word_1_120' title='bbox 1062 2211 1109 2284; x_wconf 88' lang='lat' dir='ltr'>ab</span> <span class='ocrx_word' id='word_1_121' title='bbox 1128 2215 1235 2287; x_wconf 85' lang='lat' dir='ltr'>alter·</span> 
     </span>
     <span class='ocr_line' id='line_1_17' title="bbox 175 2327 1238 2427; baseline 0 -25"><span class='ocrx_word' id='word_1_122' title='bbox 175 2332 293 2409; x_wconf 76' lang='lat' dir='ltr'>,utrius</span> <span class='ocrx_word' id='word_1_123' title='bbox 308 2329 592 2427; x_wconf 90' lang='lat' dir='ltr'>quibuscumque</span> <span class='ocrx_word' id='word_1_124' title='bbox 605 2329 757 2402; x_wconf 91' lang='lat' dir='ltr'>ducibus</span> <span class='ocrx_word' id='word_1_125' title='bbox 774 2331 846 2400; x_wconf 84' lang='lat' dir='ltr'>sive</span> <span class='ocrx_word' id='word_1_126' title='bbox 862 2327 1012 2400; x_wconf 89' lang='lat' dir='ltr'>subditis</span> <span class='ocrx_word' id='word_1_127' title='bbox 1027 2345 1156 2422; x_wconf 81' lang='lat' dir='ltr'>essent,</span> <span class='ocrx_word' id='word_1_128' title='bbox 1177 2355 1238 2403; x_wconf 90' lang='lat' dir='ltr'>eas</span> 
     </span>
     <span class='ocr_line' id='line_1_18' title="bbox 180 2443 1236 2543; baseline 0 -26"><span class='ocrx_word' id='word_1_129' title='bbox 180 2446 275 2517; x_wconf 93' lang='lat' dir='ltr'>illico</span> <span class='ocrx_word' id='word_1_130' title='bbox 283 2444 375 2515; x_wconf 90' lang='lat' dir='ltr'>ultro</span> <span class='ocrx_word' id='word_1_131' title='bbox 390 2445 551 2543; x_wconf 90' lang='lat' dir='ltr'>citroque</span> <span class='ocrx_word' id='word_1_132' title='bbox 561 2446 712 2517; x_wconf 88' lang='lat' dir='ltr'>invicem</span> <span class='ocrx_word' id='word_1_133' title='bbox 721 2446 854 2516; x_wconf 92' lang='lat' dir='ltr'>restitui</span> <span class='ocrx_word' id='word_1_134' title='bbox 868 2443 981 2516; x_wconf 81' lang='lat' dir='ltr'>lacere</span> <span class='ocrx_word' id='word_1_135' title='bbox 989 2445 1236 2517; x_wconf 88' lang='lat' dir='ltr'>incunctanter</span> 
     </span>
     <span class='ocr_line' id='line_1_19' title="bbox 146 2562 1235 2658; baseline 0.001 -25"><span class='ocrx_word' id='word_1_136' title='bbox 146 2565 155 2577; x_wconf 90' lang='grc'><em>“</em></span> <span class='ocrx_word' id='word_1_137' title='bbox 180 2562 558 2658; x_wconf 82' lang='lat' dir='ltr'>tenerentur¹),tamen</span> <span class='ocrx_word' id='word_1_138' title='bbox 569 2576 694 2633; x_wconf 89' lang='lat' dir='ltr'>contra</span> <span class='ocrx_word' id='word_1_139' title='bbox 706 2574 759 2633; x_wconf 89' lang='lat' dir='ltr'>tot</span> <span class='ocrx_word' id='word_1_140' title='bbox 769 2574 937 2656; x_wconf 87' lang='lat' dir='ltr'>tantaque</span> <span class='ocrx_word' id='word_1_141' title='bbox 946 2574 982 2632; x_wconf 90' lang='lat' dir='ltr'>et</span> <span class='ocrx_word' id='word_1_142' title='bbox 992 2574 1062 2632; x_wconf 88' lang='lat' dir='ltr'>tam</span> <span class='ocrx_word' id='word_1_143' title='bbox 1072 2566 1235 2658; x_wconf 82' lang='lat' dir='ltr'>expresse</span> 
     </span>
     <span class='ocr_line' id='line_1_20' title="bbox 180 2674 1236 2774; baseline -0.002 -26"><span class='ocrx_word' id='word_1_144' title='bbox 180 2679 352 2774; x_wconf 89' lang='lat' dir='ltr'>promissa</span> <span class='ocrx_word' id='word_1_145' title='bbox 366 2693 400 2749; x_wconf 86' lang='lat' dir='ltr'>et</span> <span class='ocrx_word' id='word_1_146' title='bbox 409 2676 638 2774; x_wconf 87' lang='lat' dir='ltr'>jurisjurandi</span> <span class='ocrx_word' id='word_1_147' title='bbox 653 2677 820 2771; x_wconf 85' lang='lat' dir='ltr'>religione</span> <span class='ocrx_word' id='word_1_148' title='bbox 833 2674 972 2747; x_wconf 86' lang='lat' dir='ltr'>firmata</span> <span class='ocrx_word' id='word_1_149' title='bbox 985 2676 1107 2747; x_wconf 86' lang='lat' dir='ltr'>venire</span> <span class='ocrx_word' id='word_1_150' title='bbox 1121 2676 1236 2773; x_wconf 93' lang='lat' dir='ltr'>impu·</span> 
     </span>
     <span class='ocr_line' id='line_1_21' title="bbox 180 2776 1236 2898; baseline -0.003 -33"><span class='ocrx_word' id='word_1_151' title='bbox 180 2793 396 2887; x_wconf 85' lang='lat' dir='ltr'>deotissime,</span> <span class='ocrx_word' id='word_1_152' title='bbox 418 2794 473 2898; x_wconf 37' lang='lat' dir='ltr'>uti·</span> <span class='ocrx_word' id='word_1_153' title='bbox 483 2792 639 2884; x_wconf 86' lang='lat' dir='ltr'>aiebant,</span> <span class='ocrx_word' id='word_1_154' title='bbox 654 2792 800 2863; x_wconf 89' lang='lat' dir='ltr'>minime</span> <span class='ocrx_word' id='word_1_155' title='bbox 818 2788 1017 2862; x_wconf 85' lang='lat' dir='ltr'>verebatur.</span> <span class='ocrx_word' id='word_1_156' title='bbox 1036 2788 1139 2861; x_wconf 91' lang='lat' dir='ltr'>Unde</span> <span class='ocrx_word' id='word_1_157' title='bbox 1151 2776 1236 2862; x_wconf 88' lang='lat' dir='ltr'>cum</span> 
     </span>
     <span class='ocr_line' id='line_1_22' title="bbox 179 2902 1235 3003; baseline -0.002 -24"><span class='ocrx_word' id='word_1_158' title='bbox 179 2909 326 2981; x_wconf 90' lang='lat' dir='ltr'>homine</span> <span class='ocrx_word' id='word_1_159' title='bbox 337 2924 411 2981; x_wconf 85' lang='lat' dir='ltr'>tam</span> <span class='ocrx_word' id='word_1_160' title='bbox 422 2908 552 3003; x_wconf 82' lang='lat' dir='ltr'>fragilis</span> <span class='ocrx_word' id='word_1_161' title='bbox 565 2922 600 2978; x_wconf 91' lang='lat' dir='ltr'>et</span> <span class='ocrx_word' id='word_1_162' title='bbox 613 2909 754 2979; x_wconf 70' lang='lat' dir='ltr'>incertae</span> <span class='ocrx_word' id='word_1_163' title='bbox 769 2905 851 2978; x_wconf 81' lang='lat' dir='ltr'>fidei</span> <span class='ocrx_word' id='word_1_164' title='bbox 865 2902 975 3003; x_wconf 85' lang='lat' dir='ltr'>[cum]</span> <span class='ocrx_word' id='word_1_165' title='bbox 988 2928 1055 2975; x_wconf 90' lang='lat' dir='ltr'>nec</span> <span class='ocrx_word' id='word_1_166' title='bbox 1066 2905 1163 3002; x_wconf 88' lang='lat' dir='ltr'>pacis</span> <span class='ocrx_word' id='word_1_167' title='bbox 1175 2905 1235 2977; x_wconf 85' lang='lat' dir='ltr'>foe·</span> 
     </span>
     <span class='ocr_line' id='line_1_23' title="bbox 179 3020 1234 3118; baseline -0.003 -22"><span class='ocrx_word' id='word_1_168' title='bbox 179 3025 281 3117; x_wconf 91' lang='lat' dir='ltr'>dera,</span> <span class='ocrx_word' id='word_1_169' title='bbox 303 3051 369 3097; x_wconf 90' lang='lat' dir='ltr'>nec</span> <span class='ocrx_word' id='word_1_170' title='bbox 387 3026 556 3097; x_wconf 86' lang='lat' dir='ltr'>amicitias</span> <span class='ocrx_word' id='word_1_171' title='bbox 565 3024 652 3096; x_wconf 90' lang='lat' dir='ltr'>ullas</span> <span class='ocrx_word' id='word_1_172' title='bbox 660 3021 1034 3095; x_wconf 76' lang='lat' dir='ltr'>validassehabituros</span> <span class='ocrx_word' id='word_1_173' title='bbox 1047 3020 1121 3091; x_wconf 91' lang='lat' dir='ltr'>ullo</span> <span class='ocrx_word' id='word_1_174' title='bbox 1129 3038 1234 3118; x_wconf 92' lang='lat' dir='ltr'>pacto</span> 
     </span>
     <span class='ocr_line' id='line_1_24' title="bbox 179 3134 1233 3237; baseline -0.002 -27"><span class='ocrx_word' id='word_1_175' title='bbox 179 3154 323 3237; x_wconf 87' lang='lat' dir='ltr'>possent</span> <span class='ocrx_word' id='word_1_176' title='bbox 332 3138 531 3229; x_wconf 82' lang='lat' dir='ltr'>confidere,</span> <span class='ocrx_word' id='word_1_177' title='bbox 551 3139 612 3234; x_wconf 91' lang='lat' dir='ltr'>qui</span> <span class='ocrx_word' id='word_1_178' title='bbox 641 3162 707 3209; x_wconf 90' lang='lat' dir='ltr'>nec</span> <span class='ocrx_word' id='word_1_179' title='bbox 724 3141 819 3228; x_wconf 90' lang='lat' dir='ltr'>Deo,</span> <span class='ocrx_word' id='word_1_180' title='bbox 839 3160 905 3206; x_wconf 91' lang='lat' dir='ltr'>nec</span> <span class='ocrx_word' id='word_1_181' title='bbox 922 3134 1060 3206; x_wconf 88' lang='lat' dir='ltr'>homini</span> <span class='ocrx_word' id='word_1_182' title='bbox 1073 3159 1233 3231; x_wconf 89' lang='lat' dir='ltr'>unquam</span> 
     </span>
     <span class='ocr_line' id='line_1_25' title="bbox 179 3252 1235 3350; baseline 0 -25"><span class='ocrx_word' id='word_1_183' title='bbox 179 3255 245 3350; x_wconf 82' lang='lat' dir='ltr'>(uti</span> <span class='ocrx_word' id='word_1_184' title='bbox 263 3255 369 3350; x_wconf 87' lang='lat' dir='ltr'>vulgo</span> <span class='ocrx_word' id='word_1_185' title='bbox 382 3253 580 3350; x_wconf 80' lang='lat' dir='ltr'>jactabant)</span> <span class='ocrx_word' id='word_1_186' title='bbox 596 3252 704 3325; x_wconf 84' lang='lat' dir='ltr'>fidem</span> <span class='ocrx_word' id='word_1_187' title='bbox 712 3252 867 3348; x_wconf 85' lang='lat' dir='ltr'>aliquam</span> <span class='ocrx_word' id='word_1_188' title='bbox 881 3265 1062 3339; x_wconf 88' lang='lat' dir='ltr'>servasset,</span> <span class='ocrx_word' id='word_1_189' title='bbox 1081 3275 1235 3347; x_wconf 91' lang='lat' dir='ltr'>cumque</span> 
     </span>
     <span class='ocr_line' id='line_1_26' title="bbox 179 3369 1235 3469; baseline 0.001 -27"><span class='ocrx_word' id='word_1_190' title='bbox 179 3386 346 3469; x_wconf 86' lang='lat' dir='ltr'>praeterea</span> <span class='ocrx_word' id='word_1_191' title='bbox 357 3397 480 3447; x_wconf 91' lang='lat' dir='ltr'>recens</span> <span class='ocrx_word' id='word_1_192' title='bbox 496 3397 557 3444; x_wconf 90' lang='lat' dir='ltr'>eos</span> <span class='ocrx_word' id='word_1_193' title='bbox 571 3385 708 3445; x_wconf 89' lang='lat' dir='ltr'>teneret</span> <span class='ocrx_word' id='word_1_194' title='bbox 724 3370 896 3443; x_wconf 90' lang='lat' dir='ltr'>memoria</span> <span class='ocrx_word' id='word_1_195' title='bbox 911 3370 957 3442; x_wconf 92' lang='lat' dir='ltr'>de</span> <span class='ocrx_word' id='word_1_196' title='bbox 970 3369 1068 3441; x_wconf 91' lang='lat' dir='ltr'>duris</span> <span class='ocrx_word' id='word_1_197' title='bbox 1084 3385 1120 3441; x_wconf 90' lang='lat' dir='ltr'>et</span> <span class='ocrx_word' id='word_1_198' title='bbox 1134 3394 1235 3468; x_wconf 86' lang='lat' dir='ltr'>aspe-</span> 
     </span>
     <span class='ocr_line' id='line_1_27' title="bbox 179 3486 1235 3587; baseline 0 -27"><span class='ocrx_word' id='word_1_199' title='bbox 179 3489 226 3560; x_wconf 92' lang='lat' dir='ltr'>ris</span> <span class='ocrx_word' id='word_1_200' title='bbox 240 3487 519 3580; x_wconf 89' lang='lat' dir='ltr'>conditionibus,</span> <span class='ocrx_word' id='word_1_201' title='bbox 536 3488 667 3587; x_wconf 90' lang='lat' dir='ltr'>quibus</span> <span class='ocrx_word' id='word_1_202' title='bbox 690 3512 751 3561; x_wconf 92' lang='lat' dir='ltr'>eos</span> <span class='ocrx_word' id='word_1_203' title='bbox 769 3486 841 3559; x_wconf 86' lang='lat' dir='ltr'>dux</span> <span class='ocrx_word' id='word_1_204' title='bbox 865 3513 949 3559; x_wconf 92' lang='lat' dir='ltr'>suus</span> <span class='ocrx_word' id='word_1_205' title='bbox 964 3512 1079 3586; x_wconf 91' lang='lat' dir='ltr'>nuper</span> <span class='ocrx_word' id='word_1_206' title='bbox 1106 3491 1235 3560; x_wconf 85' lang='lat' dir='ltr'>exstin-</span> 
     </span>
     <span class='ocr_line' id='line_1_28' title="bbox 179 3603 1234 3704; baseline 0.001 -28"><span class='ocrx_word' id='word_1_207' title='bbox 179 3620 256 3676; x_wconf 89' lang='lat' dir='ltr'>ctus</span> <span class='ocrx_word' id='word_1_208' title='bbox 281 3619 520 3704; x_wconf 88' lang='lat' dir='ltr'>oppresserat,</span> <span class='ocrx_word' id='word_1_209' title='bbox 545 3606 745 3703; x_wconf 89' lang='lat' dir='ltr'>pariterque</span> <span class='ocrx_word' id='word_1_210' title='bbox 766 3605 915 3676; x_wconf 89' lang='lat' dir='ltr'>ministri</span> <span class='ocrx_word' id='word_1_211' title='bbox 935 3605 988 3675; x_wconf 88' lang='lat' dir='ltr'>sui</span> <span class='ocrx_word' id='word_1_212' title='bbox 1010 3619 1045 3683; x_wconf 81' lang='lat' dir='ltr'>et</span> <span class='ocrx_word' id='word_1_213' title='bbox 1066 3603 1234 3677; x_wconf 84' lang='lat' dir='ltr'>officiales</span> 
     </span>
     <span class='ocr_line' id='line_1_29' title="bbox 178 3718 1233 3819; baseline -0.002 -26"><span class='ocrx_word' id='word_1_214' title='bbox 178 3722 384 3819; x_wconf 67' lang='lat' dir='ltr'>(presertim</span> <span class='ocrx_word' id='word_1_215' title='bbox 404 3719 670 3815; x_wconf 78' lang='lat' dir='ltr'>Burgrmdiones</span> <span class='ocrx_word' id='word_1_216' title='bbox 683 3734 719 3791; x_wconf 90' lang='lat' dir='ltr'>et</span> <span class='ocrx_word' id='word_1_217' title='bbox 732 3718 776 3791; x_wconf 93' lang='lat' dir='ltr'>de</span> <span class='ocrx_word' id='word_1_218' title='bbox 790 3720 922 3792; x_wconf 73' lang='lat' dir='ltr'>caeteris</span> <span class='ocrx_word' id='word_1_219' title='bbox 936 3721 1037 3791; x_wconf 89' lang='lat' dir='ltr'>terris</span> <span class='ocrx_word' id='word_1_220' title='bbox 1055 3719 1233 3815; x_wconf 81' lang='lat' dir='ltr'>gallicanae</span> 
     </span>
     <span class='ocr_line' id='line_1_30' title="bbox 179 3833 1235 3935; baseline -0.001 -28"><span class='ocrx_word' id='word_1_221' title='bbox 179 3833 1235 3935; x_wconf 72' lang='lat' dir='ltr'>linguae),omnibusmodisprincipemexnationibusgallica·</span> 
     </span>
    </p>
   </div>
   <div class='ocr_carea' id='block_1_6' title="bbox 221 4015 838 4074">
    <p class='ocr_par' dir='ltr' id='par_1_6' title="bbox 221 4015 838 4074">
     <span class='ocr_line' id='line_1_31' title="bbox 221 4015 838 4074; baseline -0.003 0"><span class='ocrx_word' id='word_1_222' title='bbox 221 4020 248 4074; x_wconf 88' lang='lat' dir='ltr'>l.</span> <span class='ocrx_word' id='word_1_223' title='bbox 272 4019 343 4074; x_wconf 87' lang='lat' dir='ltr'>Sans</span> <span class='ocrx_word' id='word_1_224' title='bbox 357 4015 444 4073; x_wconf 90' lang='lat' dir='ltr'>doute</span> <span class='ocrx_word' id='word_1_225' title='bbox 458 4018 567 4072; x_wconf 86' lang='lat' dir='ltr'>omnino</span> <span class='ocrx_word' id='word_1_226' title='bbox 579 4034 616 4074; x_wconf 87' lang='lat' dir='ltr'>au</span> <span class='ocrx_word' id='word_1_227' title='bbox 630 4015 687 4074; x_wconf 87' lang='lat' dir='ltr'>lieu</span> <span class='ocrx_word' id='word_1_228' title='bbox 703 4015 739 4073; x_wconf 92' lang='lat' dir='ltr'>de</span> <span class='ocrx_word' id='word_1_229' title='bbox 754 4022 838 4072; x_wconf 74' lang='lat' dir='ltr'>enirn.</span> 
     </span>
    </p>
   </div>
   <div class='ocr_carea' id='block_1_7' title="bbox 203 4112 924 4277">
    <p class='ocr_par' dir='ltr' id='par_1_7' title="bbox 203 4112 924 4277">
     <span class='ocr_line' id='line_1_32' title="bbox 220 4112 573 4188; baseline 0 -20"><span class='ocrx_word' id='word_1_230' title='bbox 220 4114 248 4169; x_wconf 75' lang='lat'>2.</span> <span class='ocrx_word' id='word_1_231' title='bbox 272 4112 573 4188; x_wconf 77' lang='lat' dir='ltr'>voy.t.11‚p.³66.</span> 
     </span>
     <span class='ocr_line' id='line_1_33' title="bbox 203 4204 924 4277; baseline -0.004 -14"><span class='ocrx_word' id='word_1_232' title='bbox 203 4210 248 4277; x_wconf 80' lang='lat'>.·³·</span> <span class='ocrx_word' id='word_1_233' title='bbox 271 4205 345 4264; x_wconf 83' lang='lat' dir='ltr'>C&#39;est</span> <span class='ocrx_word' id='word_1_234' title='bbox 359 4206 385 4264; x_wconf 73' lang='lat' dir='ltr'>lb</span> <span class='ocrx_word' id='word_1_235' title='bbox 399 4205 472 4265; x_wconf 85' lang='lat' dir='ltr'>l&#39;art.</span> <span class='ocrx_word' id='word_1_236' title='bbox 492 4210 531 4262; x_wconf 69' lang='lat'>1⁸*</span> <span class='ocrx_word' id='word_1_237' title='bbox 544 4204 580 4264; x_wconf 89' lang='lat' dir='ltr'>de</span> <span class='ocrx_word' id='word_1_238' title='bbox 594 4206 621 4263; x_wconf 87' lang='lat' dir='ltr'>la</span> <span class='ocrx_word' id='word_1_239' title='bbox 634 4207 714 4262; x_wconf 76' lang='lat' dir='ltr'>treve</span> <span class='ocrx_word' id='word_1_240' title='bbox 727 4204 763 4262; x_wconf 88' lang='lat' dir='ltr'>de</span> <span class='ocrx_word' id='word_1_241' title='bbox 776 4204 924 4263; x_wconf 79' lang='lat' dir='ltr'>Soleuvre.</span> 
     </span>
    </p>
   </div>
   <div class='ocr_carea' id='block_1_8' title="bbox 0 0 1478 5070">
    <p class='ocr_par' dir='ltr' id='par_1_8' title="bbox 0 0 1478 5070">
     <span class='ocr_line' id='line_1_34' title="bbox 0 0 1478 5070; baseline 0 0"><span class='ocrx_word' id='word_1_242' title='bbox 0 0 1478 5070; x_wconf 95' lang='lat' dir='ltr'> </span> 
     </span>
    </p>
   </div>
  </div>
 </body>
</html>
