2946 5070
596 502 875 562 maturamus
1209 494 1268 561 329

207 638 309 711 multi
334 640 441 712 etiam
469 638 514 710 de
543 637 736 734 conjuratis
761 652 796 709 et
817 637 1081 736 capitalioribus
1109 637 1270 711 factionis

206 754 429 842 auctoribus,
460 769 585 853 postea
608 754 647 826 in
675 753 823 849 gratiam
852 752 898 825 ab
923 754 1001 852 ipso
1027 779 1109 849 rege
1136 757 1268 852 recepti
1384 824 1396 843 ‚

205 886 300 963 sunt,
319 873 465 969 ejusque
479 895 554 943 non
575 869 688 942 modo
704 870 942 962 clementiam,
964 894 1089 943 verum
1112 885 1147 942 et
1162 869 1269 941 bene·

205 985 385 1060 licentiam
399 1011 442 1060 ac
452 985 699 1060 liberalitatem
713 985 860 1083 experti,
876 987 1014 1082 magnis
1029 985 1076 1060 ab
1091 1008 1135 1060 eo
1153 986 1268 1059 hono·

205 1101 303 1174 ribus
320 1117 427 1199 atque
443 1101 651 1174 muneribus
663 1100 787 1173 donati
803 1114 936 1171 suntet
954 1100 1123 1174 sublimes
1136 1101 1264 1176 effecti.

253 1223 418 1290 Fatemur
433 1217 579 1314 quidem
597 1217 668 1289 hoc
685 1217 816 1315 ipsum,
836 1240 903 1289 nec
918 1216 1063 1289 infitiari
1079 1237 1268 1317 possumus

203 1334 366 1432 plurimis
388 1335 481 1408 hanc
505 1350 638 1408 sortem
665 1334 871 1428 contigisse,
902 1334 1114 1433 plerumque
1138 1333 1268 1407 talibus

203 1470 295 1547 quos
305 1452 436 1524 idonea
449 1453 682 1524 instrumenta
698 1476 760 1524 seu
775 1452 969 1523 ministeria
980 1465 1172 1550 reputaret,
1188 1478 1267 1550 quae

203 1566 250 1638 ad
268 1566 525 1665 perficiendum
540 1591 621 1641 suas
636 1565 858 1640 damnabiles
873 1567 1084 1666 cupiditates
1103 1568 1171 1641 sibi
1188 1571 1267 1641 usui

203 1705 279 1753 esse
302 1699 464 1781 possent..
491 1683 560 1756 Sed
585 1706 661 1755 non
685 1707 730 1754 eo
755 1683 894 1776 minus,
922 1684 1089 1756 novimus
1116 1699 1153 1756 et
1178 1685 1281 1759 alios

203 1798 431 1897 quamplures
449 1799 580 1894 quibus
599 1799 667 1877 alia
686 1822 832 1897 prorsus
854 1822 931 1871 sors
954 1797 1100 1893 obtigit,
1119 1801 1195 1895 qui,
1215 1802 1267 1873 in·

202 1911 392 2008 dulgentiis
413 1914 486 1986 suis
506 1928 613 2012 atque
631 1913 887 1987 abolitionibus
906 1914 983 1987 sreti
1006 1928 1081 1985 tam
1098 1915 1267 2013 plenariis

201 2043 347 2126 tamque
378 2031 567 2129 expressis,
590 2047 776 2129 quantum
809 2055 911 2104 mens
940 2030 1098 2103 hominis
1129 2031 1266 2104 solertis

201 2145 311 2218 ferme
327 2147 526 2244 excogitare
542 2162 678 2245 posset,
703 2146 749 2219 de
767 2147 888 2244 eisque
907 2145 1053 2239 conlisi,
1073 2169 1148 2218 non
1169 2147 1266 2220 aliud

200 2284 310 2357 quam
338 2261 597 2336 irremediabile
627 2263 775 2337 exitium
797 2264 1032 2352 invenerunt,
1062 2261 1123 2335 alii
1151 2264 1266 2362 capite

201 2375 295 2474 plexi
318 2390 352 2446 et
369 2377 502 2470 laniati,
521 2377 581 2450 alii
596 2399 771 2474 aquarum
795 2376 991 2474 gurgitibus
1007 2376 1187 2470 suffocati,
1206 2379 1264 2450 alii

200 2493 238 2562 in
256 2493 376 2568 exsilia
395 2508 458 2566 aut
477 2517 636 2567 carceres
655 2495 741 2567 trusi
762 2508 796 2565 et
822 2493 968 2567 detenti.
989 2497 1086 2581 Quas
1104 2493 1265 2567 fortunas

201 2608 348 2681 minime
361 2610 604 2703 incurrissent,
623 2610 691 2682 nisi
708 2608 817 2681 fidem
830 2610 936 2706 regiis
949 2610 1069 2705 gratiis
1084 2624 1120 2681 et
1133 2612 1264 2683 securi·-

202 2724 333 2797 tatibus
359 2727 610 2825 praestitissent.
642 2724 813 2798 Consulte
840 2725 986 2823 quidem
1016 2726 1183 2823 praecepit
1210 2751 1265 2799 sa·

200 2841 302 2939 piens
318 2870 327 2913 z
349 2871 367 2906 a
386 2845 467 2913 Non
486 2841 647 2913 confidas
664 2840 812 2912 inimico
832 2853 896 2911 tuo
918 2839 955 2910 in
975 2852 1159 2912 aternum.
1183 2845 1264 2914 »Et

200 2957 285 3027 item
305 2982 313 3025 :
336 2985 354 3024 u
374 2960 494 3050 Longe
510 2955 634 3030 abesto
650 2953 696 3028 ah
713 2954 861 3028 bomine
877 2953 1033 3027 habente
1053 2969 1263 3052 potestatem

201 3076 387 3149 occidendi
400 3091 447 3167 te,
468 3090 503 3149 et
519 3102 594 3150 non
612 3075 847 3176 suspicaberis
861 3090 997 3148 metum
1013 3077 1149 3147 mortis.
1169 3103 1187 3143 a

249 3194 344 3282 Quid
358 3195 455 3267 euim
468 3193 616 3269 remedii
630 3193 772 3266 afferret
788 3192 894 3265 nobis
909 3192 1010 3289 quod
1025 3192 1127 3265 multi
1143 3209 1262 3287 regem

200 3310 410 3407 placabilem
425 3325 460 3384 et
477 3309 688 3385 clementem
704 3312 929 3397 invenerunt,
946 3307 1009 3382 ubi
1019 3332 1103 3381 eum
1114 3333 1259 3399 saevum,

198 3442 336 3500 trucem
357 3444 464 3528 atque
488 3429 751 3528 implacabilem
770 3425 1058 3501 offenderemus?
1084 3428 1154 3500 Sed
1178 3453 1260 3500 cunr

200 3545 286 3641 ipsi,
318 3557 360 3615 ut
382 3546 578 3638 retulimus,
597 3547 673 3642 ejus
687 3545 891 3645 plenissima
906 3545 1091 3617 securitate
1107 3543 1259 3634 suffulti,

161 3681 163 3685 ¹
199 3657 421 3730 confidenter
444 3659 491 3730 ad
513 3660 736 3734 clementiam
764 3684 865 3732 suam
890 3659 1063 3733 redeundi
1084 3661 1158 3755 jam
1174 3661 1261 3731 olim

199 3795 326 3845 ausum
342 3773 600 3873 acceperimus,
623 3776 802 3874 talemque
822 3775 951 3868 fidem,
976 3775 1118 3873 qualem
1139 3775 1261 3848 retuli-

199 3915 280 3962 mus
295 3890 400 3963 nobis
422 3905 614 3981 servatam,
637 3908 856 3991 compertam
873 3894 1002 3965 totiens
1016 3890 1258 3981 habuerimus,

199 4006 279 4101 quis
296 4030 383 4077 sana
397 4020 516 4077 mente
532 4008 716 4079 consulere
734 4008 880 4081 auderet
901 4024 941 4079 ut
958 4009 1086 4079 iterum
1103 4004 1169 4076 sub
1185 4007 1262 4101 ejus

199 4119 308 4192 fidem
321 4144 389 4192 uos
400 4123 622 4194 committere
631 4121 836 4213 debeamus,
852 4124 1069 4220 cujusetiam
1078 4122 1260 4193 saeviorem

199 4249 305 4332 atque
316 4237 544 4310 immitiorem
560 4239 720 4314 animum
734 4239 921 4312 adversum
933 4262 1014 4329 nos,
1029 4238 1142 4310 multo
1151 4262 1261 4335 quam
