2946 5070
209 458 246 512 76
481 457 736 513 fflsrotunuuu
757 459 935 515 LUDOVICI
955 461 998 516 xl

208 592 316 664 ducta
334 590 476 661 cuidam
500 589 600 659 militi
618 592 779 686 Reynero
798 590 844 662 de
861 591 1125 687 Broeclruysen¹
1146 610 1183 665 et
1199 595 1272 666 cui·

208 706 292 779 dam
308 707 463 777 Henrico
480 705 524 776 de
543 702 729 777 Nievelde¹
745 707 934 780 commissa
950 707 1026 780 fuit.

258 824 302 893 Hi
318 837 436 894 autem
452 822 523 894 alio
538 823 596 893 se⁸
613 820 790 919 proficisci
807 823 897 895 velle
914 825 1134 923 simulantes,
1156 826 1273 898 celan·

208 953 329 1035 tesque
345 939 569 1037 propositum
582 937 683 1042 quod
698 954 817 1010 mente
833 957 1090 1041 conceperant,
1109 940 1156 1014 ad
1177 941 1271 1014 idem

208 1055 388 1153 leydense
403 1055 578 1154 oppidum
591 1068 703 1128 noctu
719 1058 978 1156 applicuerunt.
999 1062 1083 1131 Erat
1097 1073 1175 1130 tum
1194 1061 1273 1157 gelu

208 1173 289 1246 satis
307 1196 492 1270 asperum,
514 1171 564 1245 ita
584 1185 624 1243 ut
642 1195 755 1270 aqua,
776 1197 849 1271 qua
869 1174 987 1271 ipsum
1003 1174 1180 1273 oppidum
1197 1176 1272 1247 cin·

207 1288 313 1385 gitur,
341 1289 378 1358 in
398 1288 547 1383 glaciem
565 1287 716 1381 durata,
738 1289 830 1362 sicca
851 1304 886 1362 et
906 1291 1020 1363 solida
1036 1290 1184 1386 vestigia
1201 1292 1270 1362 cal-

207 1403 371 1476 cantibus
400 1405 500 1476 lacilc
526 1402 712 1502 praeberet.
748 1406 968 1478 Transmisso
1002 1408 1122 1505 itaque
1156 1406 1270 1498 vallo,

206 1520 398 1619 oppidanis
427 1520 516 1592 nihil
539 1519 667 1594 hostile
693 1521 981 1620 suspicantibus,
1009 1522 1132 1595 sedin
1159 1525 1274 1596 stratis

206 1638 278 1708 suis
302 1661 424 1711 secure
453 1636 740 1734 quiescentibus,
760 1637 1008 1734 hujuscemodi
1031 1638 1167 1710 exsules
1191 1664 1274 1712 cum

206 1778 276 1854 sup
295 1755 469 1826 comitatu
495 1755 790 1852 Trajectensium,
817 1756 917 1828 nullo
938 1755 1149 1847 obsistente,
1170 1757 1273 1856 oppi-

205 1867 293 1939 dum
318 1870 523 1969 irrumpunt
532 1872 553 1941 ⁶.
576 1870 684 1957 Quod
705 1872 754 1943 ita
780 1872 948 1966 ingressi,
977 1871 1273 1944 concurrentibus

205 1985 251 2057 ad
274 2011 311 2057 se
334 1987 412 2058 aliis
436 1987 472 2058 in
492 2011 536 2059 eo
560 1986 696 2085 oppido
720 2012 790 2058 suae
813 1987 988 2078 factionis,
1008 1986 1272 2060 Hoeckensium

205 2101 349 2194 scilicet,
369 2127 413 2173 eo
430 2102 525 2175 illico
542 2103 646 2201 potiti
664 2103 858 2185 sunt⁸.,Cui
874 2103 1067 2200 inopinatae
1082 2102 1273 2201 irruptioni

205 2242 288 2288 curn
305 2217 355 2289 illi
371 2219 526 2291 adversae
547 2217 729 2311 factionis,
752 2219 835 2291 licet
857 2218 964 2314 longe
981 2218 1099 2316 plures
1120 2243 1272 2293 nurnero

204 2348 240 2404 et
269 2332 398 2432 opibus
431 2335 648 2433 potentiores
678 2349 816 2428 essent,
841 2335 949 2407 veluti
979 2335 1053 2430 jam
1077 2336 1210 2433 captivi
1238 2350 1275 2409 et

205 2446 362 2544 subacti,
382 2450 497 2522 obniti
518 2476 591 2522 non
611 2441 796 2544 auderent,
816 2478 857 2524 ex
880 2452 963 2550 ipsis
977 2452 1119 2523 circiter
1138 2478 1196 2544 ιιι,
1217 2453 1273 2527 di·

205 2568 312 2665 reptis
348 2567 517 2639 domibus
554 2568 661 2661 suin‘,
692 2571 731 2640 in
757 2570 863 2641 variis
891 2569 979 2641 locis
1011 2569 1079 2641 sub
1110 2572 1271 2644 custodia

204 2682 323 2754 traditi
348 2698 451 2773 sunt3
471 2696 734 2779 tenueruntque
758 2684 895 2755 exsules
916 2708 1000 2754 cum
1016 2683 1093 2754 aliis
1111 2710 1183 2756 suae
1205 2686 1272 2757 lac·

205 2798 312 2870 tionis
329 2798 525 2898 oppidum,
544 2824 619 2872 sese
638 2798 683 2872 de
700 2799 854 2872 inimicis
878 2800 960 2872 satis
984 2800 1151 2872 atrociter
1167 2800 1269 2897 ulcis·

203 2931 324 2986 centes
342 2931 379 2987 et
400 2916 515 2988 varias
531 2915 666 3012 praedas
687 2931 793 3012 atque
809 2916 952 3014 rapinas
967 2939 1034 3014 pro
1051 2915 1155 2989 libito
1172 2941 1269 2989 exer·

203 3046 334 3103 centes.

255 3151 386 3219 Verum
405 3149 467 3219 tali
485 3163 563 3219 astu
583 3162 619 3219 et
640 3148 726 3220 dolo
745 3147 813 3221 sibi
835 3164 958 3247 parata
979 3151 1171 3223 auctoritas
1195 3176 1267 3223 non

244 3435 272 3490 l.
295 3433 410 3506 Iteyner
424 3447 481 3487 van
495 3427 679 3487 Brocchusen
693 3428 762 3487 etait
772 3429 809 3486 de
822 3429 849 3487 la
863 3429 974 3488 maison
990 3428 1026 3487 de
1040 3427 1205 3488 Brederode
1218 3449 1268 3508 par

202 3544 233 3582 sa
251 3524 341 3596 mere,
365 3537 394 3581 et
415 3523 493 3581 avait
511 3526 527 3581 a
545 3542 654 3601 renger
672 3541 717 3581 ses
736 3523 833 3581 oncles
855 3523 990 3600 Reynold
1002 3523 1039 3581 de
1058 3523 1222 3582 Brederode
1240 3536 1267 3581 et

200 3616 326 3689 Gisbert,
338 3616 412 3690 jadis
427 3618 591 3697 persecutas
605 3637 657 3696 par
670 3618 802 3703 leveque
816 3617 976 3675 d'Utrecht.

240 3729 269 3784 2.
293 3728 429 3785 Meuelde
443 3724 514 3782 dans
525 3725 553 3782 le
567 3745 621 3783 ms.
640 3724 789 3782 Mattbaeus
803 3743 821 3782 a
835 3724 952 3782 restitue
967 3742 1000 3782 ce
1014 3742 1083 3781 nom
1100 3722 1213 3802 d’aprcs
1229 3725 1266 3783 les

197 3817 407 3899 chroni'queurs
420 3817 593 3889 hollandais,
610 3843 624 3872 c
636 3818 764 3877 Henrico
778 3821 888 3892 Zuylen
902 3839 920 3874 a
935 3821 1063 3889 Nyevelt.
1077 3841 1092 3869 ι

240 3927 268 3982 3.
291 3929 338 3983 Sic
355 3923 516 3981 Matthaeus.
533 3929 622 3998 Lyose
633 3923 705 3982 dans
719 3922 746 3980 le
759 3941 813 3979 ms.

240 4028 268 4083 t.
290 4025 452 4097 Mattheus,
472 4028 616 4086 intrudunt.

241 4132 268 4186 tt.
293 4132 326 4186 21
342 4129 455 4202 janvier
469 4133 541 4189 tttt
560 4134 585 4205 (l
593 4133 651 4189 480
665 4130 745 4188 selon
759 4128 868 4207 l'usage
881 4128 918 4186 de
931 4131 1063 4200 france).

241 4234 269 4288 6.
292 4236 372 4290 Dans
384 4231 545 4304 Matthaeus,
563 4256 577 4285 ι
589 4232 703 4290 circiter
716 4250 755 4289 xv
769 4228 886 4310 direptis
901 4230 1034 4289 domibus
1048 4230 1117 4288 suis.
1128 4254 1144 4282 ι
