2946 5070
529 484 640 543 mun
658 480 849 544 semmua.
1157 490 1217 549 118

150 635 239 708 um,
251 640 326 689 non
344 606 445 689 aliter
460 638 569 714 qnam
584 615 711 714 proedae
724 615 791 688 sibi
808 618 1005 716 expositam
1021 633 1128 716 atque
1141 642 1218 720 per·

150 735 317 822 misam,
335 743 568 831 reputassent.

200 853 350 923 Eramus
375 849 443 949 ipsi
464 862 551 920 tune
575 849 613 921 in
637 848 796 942 civitate,
816 872 890 921 non
915 850 992 924 sine
1014 865 1125 924 metus
1146 855 1217 942 Qui

149 990 236 1040 eum
253 981 327 1039 tam
341 980 500 1041 atrocem
513 979 548 1038 et
560 965 797 1065 periculosam
813 965 962 1040 civitatis
976 968 1217 1068 captivitatem
1257 1065 1260 1071 Ι

149 1096 226 1156 tam
245 1081 452 1157 humaniter
465 1081 934 1181 procedereinspiceremua
948 1084 1214 1180 studeremus,

152 1222 303 1296 magnas
334 1199 528 1295 gratiarum
561 1200 719 1272 actiones
750 1199 909 1270 Domino
946 1201 1217 1274 exsolvebamus

148 1315 249 1415 quod
272 1329 348 1388 tam
357 1314 557 1389 'clementer
576 1337 633 1388 res
647 1329 721 1387 tam
745 1338 836 1387 ateva
856 1329 963 1413 atque
981 1316 1215 1392 formidabilis

147 1430 201 1504 sie
217 1432 428 1516 mitesceret.
443 1435 567 1506 Statim
577 1434 674 1505 enim
685 1447 762 1506 erat
774 1433 895 1505 videre
910 1434 1090 1508 civesnon
1103 1438 1215 1513 modo

148 1547 188 1620 in
204 1548 278 1620 suis
298 1547 489 1641 domibus,
509 1548 572 1620 sed
590 1562 625 1620 et
640 1573 706 1648 per
723 1547 842 1622 summ
857 1563 893 1623 et
907 1575 972 1650 per
987 1552 1123 1650 plateas
1138 1578 1216 1638 am·

147 1661 274 1735 bulare
291 1676 398 1762 atque
416 1654 497 1737 suas
515 1664 738 1737 necessitates
755 1687 967 1764 procurare,
990 1692 1102 1766 parvo
1117 1669 1214 1743 lineo

146 1779 344 1877 panniculo
354 1792 494 1852 tantum
510 1782 605 1854 eirca
615 1779 804 1855 brachium
815 1783 1086 1856 circumvoluto.
1106 1786 1215 1874 Quod

147 1890 290 1991 signum
318 1919 386 1967 nec
412 1918 526 1993 usque
551 1895 600 1975 'ad
623 1910 766 1969 noctem
788 1885 1008 1996 portandum
1033 1899 1116 1992 fuit3
1141 1902 1216 1975 fue·

147 2024 234 2082 runt
258 2010 356 2084 enim
387 2013 505 2085 statim
536 2027 571 2085 et
589 2012 732 2113 'r'apinae
763 2029 800 2086 et
826 2016 1003 2087 violentiae
1032 2016 1209 2091 cohibitae.

146 2130 404 2202 Verumtamen
428 2128 476 2203 ad
493 2144 657 2230 sumptus
678 2132 744 2231 ipsi
771 2131 965 2205 domicello
990 2148 1026 2205 et
1055 2135 1127 2207 suis
1149 2154 1220 2209 ne·'

146 2247 319 2319 cesserim
336 2246 516 2344 exquisitae
532 2264 616 2321 stmt
632 2250 794 2349 pecunie
809 2263 887 2323 tum
908 2246 954 2322 ab
975 2250 1031 2322 his
1056 2253 1118 2348 qui
1136 2276 1213 2327 rem

147 2359 305 2458 aliquam
331 2360 466 2435 babere
494 2362 726 2462 putabantur,
753 2380 830 2437 tum
856 2388 879 2438 a
902 2364 1212 2467 quibusdampro

144 2496 212 2573 stra
228 2474 474 2578 redemptione
491 2479 546 2552 vel
559 2477 753 2553 domorum
767 2498 934 2577 suarum,
951 2507 997 2554 ne
1008 2483 1136 2582 praedae
1151 2509 1213 2558 ex-

146 2609 385 2691 ponerentur3
402 2592 449 2668 ab
460 2594 538 2668 aliis
545 2620 632 2669 vero
642 2598 748 2670 etiam
759 2600 907 2671 nomine
918 2599 1069 2671 civitatis
1080 2615 1213 2675 mutuae

146 2723 301 2809 aeceptae
326 2726 409 2783 sunt
429 2712 609 2812 pecuniae,
640 2714 805 2787 mutinae
827 2714 877 2786 eis
906 2712 999 2786 lacta
1020 2713 1065 2817 de
1092 2715 1212 2790 fienda

146 2826 382 2900 restitutione.
412 2827 707 2902 satisfaciendum
729 2831 827 2902 enim
852 2843 1047 2926 utcumque
1071 2846 1146 2903 erat
1166 2832 1211 2905 de

147 2928 327 3040 stipendio
338 2941 509 3017 militibus
521 2966 584 3017 seu
596 2943 749 3017 ruthenis
760 2945 822 3042 qui
836 2943 897 3016 illo
909 2943 1156 3039 adventarant,
1172 2961 1212 3019 ut

146 3078 170 3131 a
184 3058 319 3156 rapinis
334 3072 370 3132 et
384 3060 618 3160 amplioribus
633 3060 811 3133 violentiis
827 3061 949 3133 civitas
964 3077 1174 3136 servaretur.

196 3174 326 3247 Audito
340 3200 426 3248 vero
445 3177 492 3252 ab
510 3177 766 3267 Hollandrinis‚
789 3179 851 3276 qui
875 3177 1063 3250 obsidione
1082 3182 1211 3254 castel-

147 3289 225 3362 lum
250 3292 481 3366 Montislortis
505 3296 706 3386 cinxerant,
732 3293 831 3392 quod
863 3295 914 3368 sic
943 3319 965 3367 a
990 3295 1211 3369 Clivensibus

146 3405 346 3505 Traiectum
368 3409 545 3513 irruptum
567 3410 708 3504 tinet,
741 3411 858 3484 statim
880 3411 997 3483 soluta
1023 3409 1210 3485 obsidione

147 3518 395 3621 discesserunt.

196 3640 269 3713 sed
296 3667 318 3715 e
350 3642 497 3736 vestigio
523 3640 772 3737 hujuscemodi
803 3642 951 3715 civitatis
971 3643 1210 3740 captivitatem

148 3756 268 3831 multae
285 3757 406 3857 denuo
429 3772 465 3830 et
483 3781 619 3853 magnae
639 3756 757 3830 eidem
773 3758 906 3831 civitati
921 3759 1137 3833 calamitates
1155 3787 1210 3834 se·

149 3889 239 3947 outae
258 3888 352 3946 sunt.
375 3876 534 3946 Primum
551 3875 627 3946 dira
642 3874 752 3947 fames
770 3888 805 3946 et
823 3875 987 3948 omnium
1003 3877 1210 3951 victualium

148 3992 290 4063 caristia
310 4015 452 4089 magna.
474 3996 638 4090 Coeperat
657 3994 755 4064 enim
775 3993 997 4092 aliquantum
1014 3996 1144 4067 remitti
1164 3997 1209 4069 de

148 4107 264 4205 pretio
289 4131 442 4179 annonae
465 4123 501 4178 et
524 4123 735 4179 cunctorum
761 4110 968 4182 victualium
995 4109 1043 4181 ab
1064 4111 1126 4181 illo
1151 4111 1209 4184 die

148 4246 223 4320 quo
238 4222 379 4314 civitas,
395 4224 584 4321 tyrannide
599 4248 761 4316 excussa,
780 4251 854 4298 sese
870 4225 938 4298 sub
952 4227 1099 4323 legitimi
1115 4229 1210 4327 prin·
