2946 5070
644 489 851 562 momen,

559 735 814 828 carnutum
843 758 936 827 xvi.

217 948 257 1003 De
269 946 339 1002 dolis
350 960 376 1001 et
385 945 485 1018 laqueis
495 945 574 1012 nobis
587 945 769 1017 multipliciter
783 945 932 1012 intentatis,
949 962 1018 1018 quos
1034 944 1183 1019 effugiendi
1199 948 1280 1020 gratis

578 1031 606 1084 in
619 1030 779 1109 sabaudiam
790 1032 921 1085 venimus.

265 1215 508 1288 Certissimum
522 1214 620 1285 enim
635 1227 672 1285 et
685 1213 964 1286 luculentissime
979 1229 1206 1312 compertum
1219 1214 1281 1288 ba·

216 1330 361 1417 buimus
383 1328 430 1403 ab
452 1329 584 1427 iniquis
608 1343 644 1401 et
668 1330 846 1403 sceleratis
863 1329 1087 1421 bominibus,
1113 1331 1176 1428 qui
1198 1354 1279 1428 erga

215 1460 334 1544 regem
359 1463 436 1519 tum
461 1441 637 1519 creditum
661 1436 847 1519 habebant
867 1460 902 1518 et
927 1445 1068 1519 favores
1089 1449 1277 1542 maximos,

216 1586 342 1634 ornnes
361 1563 451 1634 vires
464 1576 500 1634 et
521 1573 670 1634 conatus
686 1560 848 1660 impendi
864 1558 918 1657 (ut
939 1580 1016 1632 non
1035 1560 1193 1634 deterius
1209 1586 1279 1636 sus·

215 1678 390 1778 picemur)
410 1703 484 1775 quo
497 1702 565 1750 nos
577 1679 615 1749 in
633 1677 701 1750 illis
717 1676 841 1749 calidis
856 1676 1065 1772 regionibus
1079 1679 1138 1750 ref
1154 1679 1278 1751 intoie·

215 1793 381 1868 rabilium
397 1793 502 1867 nobis
531 1795 692 1866 calorum
715 1794 1006 1891 intemperantia,
1035 1794 1091 1865 vel
1114 1792 1276 1867 laborum

214 1910 418 2008 fatigatione
434 1935 497 1982 seu
512 1909 583 1982 alio
599 1908 727 2007 quovis
743 1907 861 1981 modo·
877 1906 1096 1981 conficerent
1117 1924 1155 1981 et
1171 1911 1276 1982 vitam

214 2025 317 2099 finire
336 2022 537 2124 adigerent,
557 2026 604 2109 ad
626 2024 735 2097 finem
751 2025 885 2097 scilicet
907 2024 1007 2123 quod
1029 2025 1077 2098 ad
1094 2026 1276 2099 ecclesiam

213 2157 372 2215 nostram
394 2141 524 2215 talibus
544 2141 840 2217 machinamentis
859 2154 1006 2239 possent
1017 2143 1228 2239 pervenire,
1245 2156 1277 2214 et

213 2257 286 2328 suis
305 2256 576 2356 improbissimis
600 2270 706 2352 atque
728 2256 959 2353 iniquissimis
974 2255 1230 2355 cupiditatibus
1244 2271 1276 2329 et

213 2370 470 2444 ambitionibus
486 2372 696 2446 satisfacere.
724 2374 769 2444 Et
782 2375 895 2472 ipsam
911 2372 1080 2470 quidem,
1105 2374 1276 2470 quemad·

211 2487 363 2560 modum
375 2511 397 2574 a
407 2488 493 2560 viris
505 2487 576 2560 fide
586 2489 703 2585 dignis
713 2491 927 2588 accepimus,
941 2491 1058 2580 initio,
1070 2493 1274 2589 priusquam

212 2602 503 2700 Andegavensem
532 2605 733 2679 ecclesiam¹
763 2619 800 2678 et
831 2604 1070 2710 cardinalatus
1098 2607 1273 2703 fastigium

212 2723 331 2795 fuisset
347 2736 537 2817 assecutus,
556 2721 737 2797 ambiebat
753 2738 873 2797 noster
891 2725 1015 2818 Balita,
1034 2736 1122 2796 tunc
1139 2727 1273 2824 episco-

211 2862 278 2938 pus
299 2839 453 2919 ecclesiae
477 2838 715 2931 Ebroicensis,
740 2866 785 2914 eo
807 2841 905 2940 quod
930 2844 1116 2940 aliquanto
1140 2856 1177 2915 et
1194 2867 1273 2940 pro·

210 2955 375 3027 ventibus
390 2955 549 3045 uberior,
562 2968 597 3028 et
610 2957 797 3054 temporali
812 2957 981 3052 dignitate
993 2957 1154 3029 nobilior
1168 2980 1271 3054 quam

211 3097 274 3144 sua
293 3073 515 3146 Ebroicensis
531 3097 553 3146 a
571 3073 733 3172 plurimis
751 3074 954 3163 duceretur3
972 3073 1074 3171 cujus
1094 3073 1271 3172 explenda

210 3214 281 3261 snae
297 3189 504 3262 ambitionis
517 3192 641 3286 gratia,
661 3215 726 3263 nos
738 3174 895 3288 primurn
910 3191 1002 3262 mitti
1021 3190 1272 3288 Perpiniannm

209 3305 284 3403 ipse
306 3321 549 3404 procurasset,
569 3330 677 3404 quem
703 3320 778 3378 tum
800 3330 867 3406 pro
886 3307 1009 3397 nobis,
1029 3307 1143 3405 ipsius
1168 3293 1271 3378 fidem

209 3422 338 3512 monti,
363 3436 525 3494 nostrum
548 3423 645 3523 apud
670 3447 789 3521 regem
814 3423 1093 3495 interventorem
1116 3422 1271 3494 futurum

209 3562 494 3638 speraveramus,
514 3555 550 3612 et
566 3566 632 3639 pro
650 3563 692 3612 ea
712 3566 750 3613 re
767 3541 849 3612 satis
870 3540 1029 3612 honestis
1052 3542 1211 3613 enceniis
1224 3552 1270 3612 at·

209 3680 279 3753 qne
296 3655 507 3728 munoribus
520 3654 798 3748 donaveramns3
814 3657 877 3729 sed
892 3657 969 3730 talis
986 3658 1184 3756 aliquando
1199 3678 1269 3730 esse

209 3772 299 3846 solet
322 3767 518 3844 multorum
542 3770 631 3845 fides
656 3784 691 3845 et
713 3771 820 3846 ludus
835 3773 1053 3868 aulicorum,
1071 3774 1120 3847 de
1141 3771 1269 3872 quibus

208 3888 291 3960 satis
304 3889 521 3987 pertinenter
537 3887 689 3984 tragicus
703 3889 870 3961 cecinisse
888 3890 1030 3962 ridetur
1047 3917 1055 3959 :

318 4038 393 4104 Non
410 4039 506 4104 intrat
521 4063 662 4129 unquam
679 4040 801 4132 regium
817 4038 914 4107 limen
930 4036 1019 4107 fides.

247 4223 275 4277 t.
297 4219 492 4292 Uest-adire,
509 4232 596 4280 arant
608 4219 636 4279 ie
649 4219 722 4279 mois
733 4220 770 4279 de
779 4220 875 4294 juillet
888 4224 979 4284 titt.
