2946 5070
211 480 249 534 80
484 478 738 536 fllslomeuuu
760 478 938 540 Lunovlcl
955 484 998 540 xl

209 613 289 684 illos
309 613 485 711 praecipue
507 612 568 708 qui
594 611 775 710 patrandae
795 615 931 710 injuriae
953 617 1008 688 vel
1030 631 1194 689 auctores
1220 621 1272 692 vel

209 729 372 802 satellites
397 729 554 822 fuerant,
584 753 793 822 succensus,
823 732 992 806 mandata
1021 748 1127 831 atque
1159 736 1273 810 edicta

209 845 345 938 edidit,
363 870 428 944 per
448 870 526 944 quae
552 858 587 915 et
608 844 867 940 Trajectenses,
888 849 916 919 si
939 849 976 920 in
1000 849 1102 921 terris
1122 851 1273 923 suisde·

209 962 528 1061 prehenderentur,
546 973 722 1031 eteorum
740 963 904 1036 universa
915 963 1035 1057 bona,
1054 964 1272 1065 ubicumque

209 1079 246 1149 in
275 1079 375 1150 terris
400 1103 442 1150 ac
463 1078 633 1150 dominiis
661 1078 733 1148 suis
761 1078 1016 1172 invenirentur,
1044 1081 1112 1153 sub
1137 1099 1271 1155 arresto
1339 1068 1345 1085 ’

208 1210 438 1294 ponerentur.
476 1199 518 1265 Et
550 1195 667 1293 primo
699 1195 845 1291 quidem
872 1210 998 1270 contra
1022 1198 1271 1294 hujuscemodi

189 1300 394 1383 'censuram
405 1325 442 1383 et
454 1323 600 1401 arresta,
616 1309 645 1381 si
659 1335 761 1380 mens
776 1333 862 1382 sana
878 1327 914 1383 et
931 1313 1122 1387 consilium
1136 1316 1272 1412 Trajec·

207 1426 366 1498 tensibus
389 1426 550 1518 sciissent,
571 1425 672 1496 lacile
691 1426 825 1497 mederi
846 1442 952 1525 atque
973 1428 1119 1500 obviare
1140 1432 1271 1528 potuis·

206 1558 296 1615 sent.
314 1542 567 1615 Consentiebat
582 1544 679 1614 enim
690 1543 857 1643 princeps
873 1570 1021 1617 manum
1036 1570 1138 1618 suam
1154 1548 1270 1621 levare

171 1676 241 1732 ·et
269 1661 424 1731 relaxare
454 1683 642 1751 censurae,
676 1657 743 1730 levi
779 1660 913 1732 mulcta
939 1685 960 1732 a
988 1661 1269 1757 Trajecteusibus

206 1799 273 1873 pro
296 1774 532 1847 satisfactione
557 1773 768 1869 injuriarum
789 1773 1045 1872 dependenda,
1070 1775 1182 1847 modo
1202 1776 1268 1875 ipsi

205 1891 395 1963 dominum
414 1890 460 1962 de
481 1889 716 1979 Montelorti¹,
736 1889 898 1980 militem,
917 1905 1025 1989 atque
1043 1891 1182 1963 exsules
1199 1905 1268 1963 ter·

204 2032 325 2082 rarum
343 2032 486 2080 suarum
503 2005 700 2079 Hollandiae
715 2058 725 2094 ,
743 2006 883 2078 civitate
907 2032 970 2079 sua
988 2007 1120 2106 pellere
1136 2007 1268 2080 voluis·

203 2138 294 2195 sent.
325 2127 424 2210 Quos
450 2121 610 2212 exsules,
640 2146 681 2192 ex
710 2121 822 2218 pactis
852 2121 939 2194 olim
964 2126 1150 2196 conventis
1176 2125 1268 2195 iuter

203 2235 1265 2339 principesllollandiaeetTrajectenses,[ipsi],utferebatur,

204 2358 241 2427 in
258 2381 322 2428 sua
338 2356 476 2426 civitate
492 2355 643 2426 retinere
661 2353 737 2425 nou
752 2368 931 2452 poterant.
960 2356 1068 2444 Quod
1084 2383 1168 2429 cum
1183 2362 1266 2430 Tra·

199 2475 373 2570 jectenses
406 2472 552 2545 minime
582 2471 696 2543 lacere
726 2488 914 2565 curarent,
948 2475 1120 2572 paulatim
1149 2502 1203 2549 res
1229 2477 1265 2547 in

204 2591 420 2688 asperiorem
438 2613 480 2660 ac
499 2589 791 2686 periculosiorem
809 2605 938 2662 statum
958 2616 1150 2688 progressa
1168 2608 1263 2667 sunt.

534 2871 791 2940 CAPlTULUM
815 2872 922 2939 XXll.

200 3078 346 3146 Quomodo
371 3078 568 3148 Trajectenses‚
598 3076 625 3128 in
655 3093 734 3128 suum
761 3076 869 3129 rebelles
893 3077 1064 3148 pontificem,
1088 3079 1264 3134 accersierunt

466 3160 606 3214 dominum
622 3158 656 3213 de
672 3162 794 3227 Monesen
806 3162 833 3214 in
847 3161 987 3215 civitatem.

250 3341 436 3415 Habehant
458 3355 542 3411 tunc
569 3338 777 3437 pontificem
808 3341 1045 3438 'lrajectenses
1072 3343 1262 3418 dominum

198 3459 338 3551 David,
376 3458 420 3529 de
461 3457 664 3553 Burgundia
703 3458 1021 3552 cognominatum,
1064 3462 1262 3533 naturalem

119 3665 124 3684 .
198 3576 311 3647 filium
336 3573 489 3672 Philippi
514 3572 619 3644 bouae
639 3574 843 3665 memoriae,
861 3572 1082 3646 illustrissimi
1101 3581 1261 3672 Burgun-

197 3692 263 3762 ‹lia›
279 3690 392 3777 ducis,
409 3704 445 3760 et
462 3689 605 3759 fratrem
618 3689 816 3760 naturalem
833 3691 963 3782 Caroli,
977 3691 1085 3762 felicis
1097 3693 1261 3764 recorda·

196 3808 315 3896 tionis,
330 3806 436 3876 eliam
455 3804 664 3900 Burgundio*¹
679 3805 791 3876 ducis.
807 3809 884 3903 lpse
896 3805 1013 3877 David
1024 3807 1148 3880 litteris
1164 3834 1260 3880 com·

195 3939 356 4023 petenter
377 3925 588 4014 instructus,
614 3937 649 3993 et
676 3922 835 3993 humana
854 3923 1069 4020 prudentia,
1089 3939 1125 3996 et
1149 3927 1258 3997 animi

195 4040 439 4136 magnitudine
457 4039 655 4111 admodum
671 4037 834 4110 callebat.
860 4041 1029 4126 Quicum
1050 4037 1257 4116 cathedram

236 4252 264 4306 l.
286 4251 370 4319 leun,
384 4245 528 4324 burgrave
542 4245 579 4303 de
592 4242 766 4315 Moutloort,
784 4245 916 4323 seigneur
928 4242 966 4304 de
979 4247 1160 4305 Purmerent.
