2946 5070
546 521 655 581 unua
675 523 826 580 sextus.
1180 529 1218 585 tt

150 657 324 733 obsistere
338 679 376 729 se
389 679 492 752 posse
507 655 677 727 exercitui
701 655 798 751 regio
815 657 1052 753 conspiceret,
1071 673 1106 731 et
1119 660 1214 758 ipsa,

150 799 229 847 non
247 785 448 871 exspectata
464 769 672 863 obsidione,
687 771 790 842 certis
809 770 946 866 legibus
963 788 998 846 et
1013 776 1126 873 pactis
1141 777 1216 872 regi
1338 784 1345 791 '

150 915 191 963 se
206 892 403 991 parituram
416 887 609 985 promisit¹.
629 890 791 984 Cumque
808 886 878 959 illic
894 888 1084 963 introiisset
1100 890 1217 963 domi·
1333 965 1335 969 ,

150 1030 221 1078 nus
246 1005 292 1077 de
323 1003 562 1096 Chanrnont',
586 1001 721 1098 legatus
752 1003 863 1099 regis,
896 1004 1093 1104 praecipuus
1124 1007 1217 1080 inter

149 1120 264 1194 duces
282 1119 414 1192 militiae
433 1119 541 1214 regiae
564 1119 626 1216 qui
646 1119 717 1191 illic
739 1119 908 1212 aderant,
932 1144 1016 1192 oum
1032 1144 1162 1218 magna
1182 1138 1218 1196 et

150 1238 300 1335 copiosa
315 1237 470 1309 militum
487 1260 619 1327 manu,
639 1237 788 1334 receptis
811 1237 943 1308 civium
965 1239 1214 1332 sacramentis,

147 1352 284 1451 quibus
299 1351 506 1425 fidelitatem
522 1353 594 1448 regi
619 1377 656 1425 se
676 1368 876 1425 servaturos
896 1351 1100 1447 firmarunt,
1116 1356 1216 1427 nullo

148 1471 242 1544 inibi
264 1473 388 1545 relicto
413 1472 566 1545 militum
589 1471 775 1570 praesidi0,
802 1472 989 1567 abscessit„
1016 1475 1214 1550 custodiam

147 1589 302 1663 civitatis
325 1587 408 1662 fidei
430 1589 562 1661 civium
582 1589 825 1682 committens,
842 1589 978 1662 eisdem
993 1593 1213 1678 comminato

147 1727 271 1801 regem
288 1705 466 1778 civitatem
479 1728 581 1776 suam
594 1704 631 1775 in
645 1705 780 1776 cineres
798 1703 1043 1800 redacturum,
1059 1708 1088 1779 si
1107 1708 1215 1782 fidem

146 1817 216 1891 sibi
235 1819 356 1892 datam
378 1845 419 1892 ac
444 1821 635 1917 praestitam
653 1819 802 1918 posthac
827 1820 1004 1894 uHatenus
1025 1822 1211 1896 violarent.

196 1936 256 2007 Sic
282 1937 402 2032 itaque
424 1937 635 2031 Burgundiae
662 1937 863 2029 comitatus
883 1938 1007 2037 paucis
1022 1938 1058 2009 in
1083 1941 1213 2011 mensi·

146 2050 231 2144 bus,
244 2065 340 2124 totus
354 2065 408 2124 est
423 2049 490 2123 sub
505 2051 678 2124 ditionem
693 2054 826 2155 regiam
843 2052 1043 2126 devolutus.

196 2168 334 2239 Rumor
372 2181 458 2239 tunc
484 2165 663 2264 aliquibus
692 2167 818 2240 diebus
847 2169 996 2241 invaluit
1022 2167 1210 2243 dominum
1293 2167 1295 2171 ’

146 2279 195 2352 de
220 2281 387 2380 Argeum,
407 2282 607 2381 principem
636 2283 824 2376 Auraeim',
844 2309 928 2355 curn
952 2284 1071 2381 aliqua
1100 2310 1210 2358 manu

145 2396 365 2467 Suitensium
397 2397 572 2468 nonnulla
606 2410 719 2468 castra
740 2410 776 2468 et
801 2397 934 2495 oppida
963 2416 1207 2496 recuperasse:

146 2505 321 2604 quodque
336 2532 421 2579 cum
439 2508 543 2604 regiis
571 2505 743 2599 militibus
758 2509 840 2580 satis
860 2509 979 2582 lelicer
1000 2509 1207 2606 diminuat,

146 2620 270 2693 multis
283 2619 490 2693 millibusex
501 2620 586 2718 ipsis
598 2620 694 2692 caesis
710 2633 746 2691 et
757 2623 881 2720 captis.
894 2626 1085 2720 Acceperat
1096 2625 1206 2716 enirn,

145 2733 200 2807 uti
215 2732 407 2825 ferebatur,
428 2761 472 2806 η
487 2735 599 2808 millia
612 2749 712 2807 scuta
729 2737 807 2806 auri
824 2760 845 2807 a
866 2738 967 2809 terris
983 2737 1155 2809 Flandriae
1175 2753 1210 2810 et

145 2848 358 2942 turbantia,
374 2866 415 2924 ut
429 2848 670 2949 Burgrmdiam
687 2865 813 2926 contra
826 2852 1000 2950 impetum
1011 2854 1098 2949 regii
1114 2879 1210 2925 exer-

143 2965 239 3053 eitus
264 2979 449 3038 tutaretur.
475 2962 548 3038 Sed
564 2989 640 3036 non
654 2963 716 3061 diu
730 2963 879 3061 hujusce
896 2990 1020 3037 rumor
1038 2965 1209 3063 perdura·

144 3082 212 3175 vit,
228 3082 341 3181 quin,
358 3081 481 3181 paucis
497 3079 635 3153 effluxis
654 3078 801 3172 diebus,
819 3104 933 3152 vanus
954 3105 997 3154 ac
1015 3082 1209 3156 mendosus

144 3196 254 3277 luisse
269 3222 415 3297 prorsus
434 3212 640 3296 compertus
652 3194 795 3295 [fuerin.

160 3478 165 3485 .
186 3434 217 3490 i.
240 3433 297 3491 Par
317 3430 422 3490 aecord
444 3431 526 3509 passe'
545 3430 573 3488 le
592 3433 610 3488 3
628 3430 691 3503 juin
711 3433 800 3500 tlte,
820 3448 877 3506 que
894 3429 981 3488 Iouis
1005 3431 1048 3488 xl
1068 3429 1160 3487 ratilia
1183 3431 1210 3488 le

143 3524 165 3585 8
173 3522 271 3601 juillet
283 3524 408 3584 suivant.
425 3528 512 3601 corps
526 3526 732 3600 diplomatIque
745 3522 782 3580 de
794 3526 935 3595 Dumont‚
950 3534 971 3580 t.
982 3526 1024 3581 111
1038 3529 1080 3595 (2⁰
1094 3523 1208 3600 partie),

213 3620 244 3678 8.

107 3708 111 3719 ¹
142 3622 216 3778 9¹²⁶·
238 3719 355 3779 charles
368 3716 545 3791 d'Amboise,
560 3719 695 3797 seigneur
710 3718 747 3775 de
764 3716 1097 3788 Chaumontsurffloire,
1116 3731 1210 3775 comte

143 3810 185 3872 de
195 3812 321 3871 Brienne
337 3825 367 3870 et
378 3830 561 3891 gouverneur
574 3811 611 3869 de
624 3810 817 3888 champagne.

188 3909 218 3965 3.
239 3909 281 3966 Le
296 3907 395 3984 prince
411 3905 565 3984 d’Orange,
582 3906 714 3982 seigneur
727 3903 874 3981 d‘Arguel.
