2946 5070
515 474 623 531 LIBER
653 474 804 531 SEXTUS.
1169 477 1186 533 l

129 605 260 703 opilius
277 603 391 677 ditati.
409 603 488 675 Fuit
505 617 540 675 et
561 603 654 674 inter
668 602 814 676 eosdem
830 600 964 697 legatos
980 600 1111 677 nobilis
1124 605 1188 676 mi·

126 720 178 794 les
209 720 255 793 de
277 719 458 812 Flandria,
482 719 650 792 dominus
675 717 721 791 de
745 717 962 810 Grntlmuse,
986 741 1069 790 cum
1095 744 1187 792 non·

127 838 233 910 nullis
248 861 404 934 quorum
420 837 571 910 nomina
585 861 659 908 non
677 838 867 907 tenemus¹.

174 953 246 1040 Qui
272 977 356 1024 cum
383 952 430 1025 ad
452 976 571 1047 regem
584 950 828 1041 accessissent,
844 975 968 1024 causas
992 975 1186 1049 exposuere

125 1093 196 1142 suae
213 1069 419 1165 legationis,
433 1092 558 1167 pacem
577 1093 660 1139 cum
677 1091 743 1139 sua
764 1067 945 1163 majestate
965 1065 1099 1161 habere
1116 1067 1186 1141 hu-

28 1186 31 1190 ’
124 1185 254 1259 militer
271 1185 511 1285 postulantes,
530 1198 565 1256 et
584 1185 819 1282 imprecantes
838 1198 1013 1281 qnatenus
1034 1183 1080 1257 ab
1096 1187 1201 1258 ulte·'

124 1302 219 1375 riore
244 1301 481 1399 occupatione
504 1315 695 1391 terrarum,
710 1299 892 1371 civitatum
909 1314 953 1371 et·
969 1300 1186 1399 oppidorum

123 1416 339 1515 principissae
364 1441 434 1489 suae
455 1416 561 1488 vellet
579 1415 764 1508 desistere,
791 1440 920 1514 easque
945 1416 1063 1488 eidem
1087 1418 1186 1490 resti·

124 1520 223 1604 tuere
247 1555 336 1628 quas
358 1532 433 1629 J'am
458 1530 925 1629 occupaverat30fferentes
941 1532 1030 1604 velle
1048 1531 1115 1604 sibi
1132 1534 1186 1605 di-

123 1648 262 1720 mittere
279 1664 316 1720 et
335 1647 546 1720 contradere
564 1662 673 1718 terras
691 1661 728 1719 et
742 1647 888 1745 oppida,
907 1672 986 1745 quae
999 1649 1184 1746 quondam
1286 1690 1290 1699 .

10 1848 12 1855 7
121 1761 169 1834 ab
189 1764 338 1862 antiquo
358 1763 497 1836 fuerant
513 1763 603 1859 juris
618 1787 760 1835 coronae
784 1764 902 1859 regiae,
921 1779 957 1837 et
983 1780 1066 1838 ante
1084 1792 1185 1863 guer-

121 1902 179 1950 ras
190 1893 304 1974 gestas
313 1893 513 1978 cumpatre,
524 1903 592 1950 avo
601 1893 637 1949 et
644 1901 778 1976 proavo
787 1878 944 1974 ejusdem
957 1905 1028 1951 suae
1047 1881 1181 1972 filiolae3

121 1992 228 2067 simul
245 1995 353 2066 etiam
369 1992 484 2066 facere
499 1993 651 2064 hominii
664 2008 927 2066 sacramentum
943 2020 1009 2093 pro
1032 1996 1099 2067 illis
1115 1997 1185 2069 seo-

120 2107 189 2200 dis,
195 2133 275 2208 quae
287 2109 412 2181 eadem
427 2134 491 2182 sua
500 2109 708 2207 principissa
719 2108 765 2181 de
777 2132 912 2182 corona
923 2111 1076 2182 Franciae
1090 2127 1183 2184 tene·

120 2238 192 2313 ret,
206 2241 243 2297 et
257 2225 358 2322 quod
370 2239 562 2298 ressortum
579 2248 766 2321 causamm
783 2225 829 2297 de
843 2223 1049 2321 hujusmodi
1065 2229 1179 2320 terris,

115 2339 217 2435 juxta
231 2341 396 2438 antiquas
411 2342 509 2439 regni
523 2346 741 2413 Francorum
760 2341 1048 2433 consuetudines,
1060 2342 1184 2416 'devol-

118 2469 260 2529 veretur
282 2456 328 2528 ad
346 2457 481 2530 curiam
498 2458 708 2556 parlamenti
725 2457 850 2554 regalis
867 2458 1087 2550 Parisiensis,
1107 2484 1182 2532 non

119 2571 244 2646 habito
262 2588 424 2672 respectu
455 2574 501 2647 ad
517 2587 706 2646 tractatum
724 2598 808 2644 cum
821 2587 921 2670 patre
935 2573 1093 2670 ejusdem
1109 2600 1180 2647 suae

119 2690 349 2789 principissae,
369 2689 465 2788 apud
483 2694 681 2776 Peronam,
708 2705 744 2762 et
761 2689 850 2761 alios
872 2714 956 2761 cum
978 2689 1107 2762 eodem
1124 2692 1180 2763 vel

118 2806 225 2878 etiam
247 2807 353 2879 bonae
375 2807 554 2877 memoriae
570 2831 639 2878 avo
660 2829 725 2877 suo
746 2805 910 2903 Philippo
933 2805 1043 2878 laetos
1059 2821 1095 2877 et
1118 2808 1180 2879 lra-

119 2919 236 2992 bitos:
256 2945 412 3019 quorum
428 2936 597 3020 praetextu
611 2922 677 3020 ipsi
695 2935 832 3020 patrem
846 2945 952 2993 suum
962 2934 999 2992 et
1013 2944 1121 2994 avum
1141 2923 1177 2993 in

117 3038 279 3136 plurimis
300 3038 402 3110 terris
418 3037 682 3134 hujuscemodi,
701 3062 780 3135 qnae
801 3035 1016 3134 abantiquo
1039 3062 1179 3110 coronae

117 3153 220 3248 regiae
238 3167 502 3250 spectaverant,
520 3151 661 3224 bonum
680 3151 868 3224 habuisse¹
889 3154 964 3247 jus,
983 3167 1019 3223 et
1042 3150 1089 3224 ab
1111 3153 1178 3224 ho·

117 3268 218 3338 minii
235 3282 456 3340 sacramento
469 3282 505 3341 et
520 3268 681 3340 ressortis
696 3268 740 3340 ad
763 3267 893 3338 dictam
912 3269 1047 3340 curiam
1064 3270 1175 3363 regis,

158 3448 188 3504 l.
210 3445 297 3504 louis
309 3445 347 3504 de
358 3450 477 3526 Bruges,
492 3449 627 3528 seigneur
640 3447 677 3505 de
691 3448 718 3506 la
728 3445 903 3524 Gruthuyse,
916 3446 1009 3506 iaisait
1019 3447 1097 3504 aussi
1113 3467 1178 3525 par-

118 3537 156 3596 n'e
169 3536 206 3596 de
220 3537 408 3598 l'ambassade
423 3540 460 3599 de
474 3542 501 3599 la
514 3534 671 3613 duchesse,
687 3560 758 3600 avec
772 3540 904 3618 leveque
917 3540 1051 3611 d'Arras‚
1066 3541 1094 3599 le
1112 3561 1178 3619 pre-

118 3632 189 3692 micr
201 3632 323 3692 echevin
337 3634 373 3692 de
386 3634 485 3707 Gand,
498 3636 525 3694 le
539 3635 631 3714 grand
642 3632 720 3695 bailli
731 3636 853 3714 d’Ypres
869 3647 897 3694 et
911 3633 987 3694 deux
1002 3635 1175 3695 conseillers.

72 3734 77 3745 '
116 3724 317 3785 L'ambassade
332 3727 383 3786 des
400 3716 478 3787 lltnts
494 3729 562 3788 erait
579 3730 732 3809 compesce
750 3728 787 3787 de
807 3729 896 3788 doune
915 3748 1071 3807 personnes
1087 3730 1179 3808 parmi

117 3819 267 3896 lesquelles
287 3840 327 3880 on
342 3822 516 3900 remarqunit
534 3823 575 3881 les
589 3821 678 3882 abbes
694 3823 731 3882 de
745 3821 943 3883 saint-Pierre
956 3820 992 3881 dc
1004 3822 1088 3881 Gand
1102 3822 1180 3882 etde

117 3914 327 3987 Satur-sertin,
342 3919 382 3974 les
397 3916 612 3995 pensionnaires
623 3916 659 3978 dc
673 3917 838 3989 Bruxelles,
851 3915 1177 3985 decantaremus,

117 4019 145 4065 et
166 4007 194 4065 le
216 4026 336 4085 mayeur
360 4008 396 4068 de
418 4009 560 4070 Louvain.
588 4015 728 4070 Bulletr'ns
755 4012 791 4067 de
822 4013 996 4069 I'Aradc'mr'c
1021 4014 1117 4083 rosato
1143 4013 1180 4066 tle

117 4102 281 4174 Bru-telles,
297 4104 387 4173 4839,
403 4102 495 4182 partie
509 4107 553 4175 ll,
567 4125 598 4182 p.
615 4107 684 4164 237.

157 4199 187 4252 2.
211 4199 271 4271 Ipsi
282 4208 370 4271 pater
382 4217 447 4253 suus
460 4211 487 4253 er
502 4212 619 4258 avim...
635 4196 770 4270 habuere,
784 4197 855 4256 dans
870 4197 897 4254 le
912 4216 966 4256 ms.
