2946 5070
590 513 699 569 LIBER
719 513 868 569 SEXTUS.
1222 513 1258 569 5⁸1

202 646 359 742 aliquem
392 645 571 742 captivum
601 659 846 733 servaverunt;
876 645 937 717 sed
968 646 1121 743 passim,
1157 660 1260 742 quot-

201 774 291 856 quot
328 757 396 832 sub
435 783 536 833 suam
569 784 717 833 manum
750 759 883 833 habere
915 775 1127 858 potuerunt,
1157 786 1259 859 pere·

201 888 356 948 merunt.

251 995 294 1064 Et
311 991 357 1065 de
379 993 527 1065 victoria
552 991 697 1090 quidem
723 1015 766 1064 ac
793 1017 945 1066 numero
973 996 1138 1092 utrinque
1156 1019 1260 1069 caeso·

200 1135 302 1202 rum,
320 1110 475 1182 multum
493 1109 708 1201 differenter,
728 1111 764 1181 in
794 1112 894 1182 terris
919 1111 1022 1206 regiis
1048 1125 1085 1183 et
1104 1113 1260 1184 interris

200 1224 316 1319 ducis,
333 1241 440 1322 atque
458 1227 553 1298 varie
562 1223 774 1321 jactabatur.
789 1230 878 1298 Nam
887 1228 1040 1313 interris
1056 1228 1172 1323 regiis,
1187 1229 1258 1324 regi

200 1342 345 1414 cessisse
361 1342 547 1414 victoriam
560 1339 855 1439 promulgabant,
871 1356 927 1434 ut,
941 1366 1006 1439 per
1020 1342 1159 1437 singula
1167 1366 1261 1438 quae·

201 1480 272 1553 que
281 1457 361 1529 loca
374 1458 538 1552 insignia,
546 1460 623 1529 Deo
633 1458 823 1552 gratiarum
832 1458 1009 1530 solemnes
1019 1482 1086 1555 per
1096 1459 1261 1531 ecclesias

200 1573 360 1644 actiones
369 1596 436 1670 pro
446 1572 596 1645 victoria
608 1571 731 1644 habita
742 1571 988 1664 redderentur,
999 1587 1034 1644 et
1049 1597 1114 1670 per
1127 1573 1262 1671 plateas

200 1703 235 1760 et
248 1691 345 1761 vicos
367 1691 466 1786 ignes
483 1689 638 1787 ubique,
657 1715 725 1788 pro
747 1704 846 1761 tanta
862 1691 912 1761 rei
929 1689 1131 1781 festivitate,
1149 1691 1261 1785 collu-

200 1819 334 1878 cerent.
354 1808 457 1903 Atqui
484 1831 559 1878 non
572 1830 675 1878 secus
688 1808 725 1877 in
743 1807 843 1877 terris
859 1805 972 1898 ducis,
993 1831 1061 1904 pro
1075 1805 1166 1878 felici
1183 1830 1260 1902 quae

199 1922 251 1993 eis
266 1937 480 2021 provenerat
492 1923 661 2011 victoria,
675 1921 924 2016 hujuscemodi
938 1922 1110 1994 solemnia
1125 1934 1262 2021 patrata

200 2053 295 2110 sunt.
314 2037 499 2136 Quidquid
515 2054 634 2112 tamen
643 2040 680 2110 in
692 2038 897 2134 hujusmodi
909 2038 1129 2111 solemnibus
1137 2039 1262 2111 laetitiis

199 2168 373 2248 ageretur,
388 2155 543 2226 veriores
567 2179 687 2225 rerum
711 2154 938 2225 aestimatores
965 2155 1152 2226 victoriam
1178 2154 1260 2225 duci

199 2271 342 2343 austriae
355 2284 391 2342 et
406 2271 478 2342 suis
497 2271 702 2368 provenisse
717 2268 932 2341 asserebant.
955 2275 1044 2342 Nam
1055 2284 1090 2341 et
1108 2270 1146 2341 in
1164 2269 1259 2361 loco,

201 2386 263 2458 ubi
285 2386 452 2485 proelium
476 2401 681 2458 consertum
707 2385 789 2475 luit,
809 2400 950 2458 constat
975 2410 1059 2458 eum
1084 2411 1168 2458 cum
1191 2388 1262 2457 suis

201 2504 314 2601 copiis
327 2518 554 2600 pernoctasse
580 2530 588 2574 ε
605 2502 705 2598 quod
720 2503 868 2575 minime
885 2501 959 2575 fieri
974 2504 1161 2602 potuisset,
1179 2527 1262 2574 cum

202 2620 302 2691 locus
326 2619 384 2691 ille
406 2620 499 2693 intra
524 2621 653 2692 limites
678 2635 851 2693 terrarum
874 2644 896 2693 a
916 2645 997 2717 rege
1021 2644 1262 2718 possessarum

201 2735 425 2825 consisteret,
444 2735 511 2806 nisi
529 2736 626 2806 caesis
647 2739 702 2808 vel
719 2736 803 2807 inde
831 2736 956 2831 fugatis
972 2736 1127 2833 fusisque
1151 2737 1263 2809 hosti·

203 2849 284 2942 bus,
316 2849 388 2921 illic
410 2851 646 2949 pernoctandi
679 2850 881 2923 victricibus
912 2853 1021 2922 armis
1047 2851 1114 2922 sibi
1144 2850 1262 2923 luisset

203 2965 375 3063 acquisita
394 2964 552 3038 facultas.

252 3081 357 3152 lnitio
373 3081 463 3153 casa
478 3082 570 3154 ultra
591 3081 716 3153 decem
738 3082 848 3154 millia
868 3087 1086 3154 Francorum
1102 3082 1263 3180 peditum

203 3190 427 3281 ferebantur3
446 3191 509 3264 sed
527 3194 758 3293 postmodum
777 3195 894 3266 verius
911 3191 1103 3291 putabatur
1124 3195 1194 3267 illic
1217 3196 1262 3267 de

203 3309 287 3408 ipsis
318 3333 393 3381 non
418 3310 512 3383 ultra
537 3334 597 3382 sex
620 3311 676 3383 vel
704 3326 840 3409 septem
863 3311 974 3383 millia
999 3311 1178 3383 cecidisse.
1211 3315 1261 3382 Ex

202 3424 380 3522 equitibus
396 3450 483 3498 vero
502 3430 720 3499 Francorum
740 3450 852 3524 parvo
871 3450 1022 3499 numero
1043 3426 1259 3500 ceciderunt.

205 3545 248 3612 Et
265 3539 384 3614 ferunt
401 3543 510 3641 aliqui
536 3542 654 3641 quod,
674 3567 757 3614 cum
775 3542 912 3640 pedites
925 3547 1142 3614 Francorum
1166 3543 1263 3614 vide·

205 3671 288 3729 runt
302 3658 438 3754 equites
456 3683 558 3750 suos,
576 3660 638 3756 qui
654 3659 851 3755 equitatum
868 3658 992 3750 ducis,
1011 3659 1063 3728 uti
1081 3683 1188 3756 supra
1208 3683 1261 3730 re-

203 3772 368 3862 tulimus,
392 3774 548 3870 sugando
574 3772 864 3871 insequebanttu,
896 3775 962 3845 iter
991 3798 1118 3870 capere
1144 3798 1264 3844 versus

183 3920 187 3926 ·
205 3888 403 3980 Morinum,
426 3888 525 3985 quod
543 3890 608 3988 ipsi
633 3890 893 3961 aestimavemnt
912 3914 974 3960 eos
997 3888 1116 3985 sugam
1131 3887 1264 3985 cepisse

205 4017 240 4072 et
258 4017 356 4100 terga
373 4005 515 4076 vertisse
536 4003 717 4095 hostibus3
744 4029 823 4101 quae
840 4004 1025 4078 aestimatio
1048 4004 1099 4076 eis
1119 4002 1265 4074 immisit

206 4143 375 4217 pavorem
401 4135 436 4193 et
464 4145 607 4194 causam
631 4122 727 4193 exitii
754 4119 881 4193 attulit.
906 4119 976 4192 Sed
1003 4118 1181 4218 profecto,
1212 4118 1287 4189 uti'
1344 4185 1348 4193 .

205 4235 369 4331 diximus,
383 4262 425 4310 ea
435 4239 583 4311 victoria
595 4263 669 4310 non
681 4239 867 4309 incruenta
878 4236 1067 4332 Flamingis
1078 4234 1261 4334 provenit;
