2946 5070
234 469 291 526 att
657 466 863 537 reomela,

232 597 480 690 virdunensis,
496 611 578 696 post
600 597 737 670 inedias
751 612 788 670 et
803 597 1005 696 squalorem
1023 602 1197 693 carceris,
1215 626 1302 699 quos

231 705 480 812 quinquennio
508 703 660 813 amplius
681 713 926 787 miserabiliter
950 730 1002 787 est
1027 739 1242 815 perpessus,
1267 718 1302 791 in

230 832 360 907 eodem
374 855 515 903 carcere
528 854 549 902 e
564 832 637 903 vita
652 855 767 930 nuper
778 831 945 928 migrasse
955 846 1008 904 est
1017 830 1240 930 publicanis,
1254 850 1298 927 et,

231 967 271 1024 ut
280 949 504 1023 verisimilius
514 949 744 1050 existimatur,
755 950 974 1042 mendaciter
984 950 1178 1035 confictus¹
1193 980 1204 1041 ;
1219 977 1299 1025 nam

231 1091 316 1139 eum
336 1065 455 1139 adhuc
476 1066 514 1136 in
535 1065 699 1162 squalore
722 1067 873 1138 carceris
890 1066 1002 1138 vitam
1026 1066 1210 1152 infelicem
1237 1082 1300 1142 tra·

229 1182 315 1255 here
338 1206 360 1255 a
377 1181 540 1280 plurimis
561 1182 716 1261 creditur
733 1196 770 1282 et
783 1183 952 1271 asseritur
962 1186 985 1253 ¹.
1003 1182 1076 1255 Sed
1090 1207 1178 1255 eum
1191 1185 1300 1256 vitam

230 1297 359 1375 finiisse
383 1296 541 1370 affictum
564 1312 673 1370 estut
691 1313 805 1371 castra
823 1313 860 1371 et
883 1312 985 1371 terrae
1001 1298 1161 1373 ecclesiae
1178 1301 1300 1374 Virdu-

229 1414 366 1503 nensis,
384 1427 563 1510 =tanquam
583 1416 762 1508 vacantis„
783 1438 895 1489 manu
917 1416 1014 1512 regia
1036 1433 1300 1515 occuparentur

232 1533 353 1631 (prout
368 1528 414 1602 de
436 1528 528 1605 lacto
544 1531 674 1605 exstitit
689 1531 857 1629 factum),
877 1546 914 1604 et
928 1545 981 1623 ut,
1006 1531 1048 1604 si
1058 1530 1139 1604 lieri
1162 1551 1296 1631 posset,

228 1648 328 1721 alteri
352 1645 403 1724 ad
418 1646 585 1731 eamdem
599 1647 784 1735 ecclesiam
803 1650 990 1747 peruenire
1006 1647 1209 1743 ambienti,
1227 1666 1299 1724 tan-

229 1788 339 1861 quam
354 1788 419 1864 per
441 1762 581 1838 obitum
597 1762 777 1865 pontificis
799 1779 1007 1858 vacantem,
1026 1765 1296 1863 provideretur,

229 1878 538 1983 quemadmodum
559 1879 656 1954 etde
681 1879 786 1953 nobis
810 1879 952 1985 suit,'ut
967 1905 1079 1980 supra
1098 1881 1296 1976 retulimus,

229 1997 389 2070 similiter
407 1975 604 2071 confictum
616 2010 653 2071 et
666 2011 936 2098 praesumptum.

278 2113 475 2193 Cardinalis
490 2126 611 2187 autern
626 2114 748 2204 etiam,
767 2123 809 2197 ut
825 2113 947 2205 lertur,
966 2112 1090 2189 adhuc
1106 2132 1295 2216 superstes,

230 2229 509 2313 infelicissimam
526 2229 641 2321 vitam
659 2243 698 2308 ct.
716 2243 831 2302 morte
858 2229 1077 2303 amariorem
1103 2232 1145 2303 in
1171 2233 1297 2307 eodem

228 2348 393 2447 squalore
405 2347 557 2420 carceris
576 2345 717 2421 trahere
728 2347 966 2447 compellitur,
985 2349 1296 2446 quemadmodum

226 2465 331 2539 latius
345 2485 455 2561 supra
468 2462 577 2537 etiam
593 2464 784 2537 retexuisse
799 2463 1031 2539 meminimus
1041 2467 1066 2536 ⁸.

270 2695 299 2753 l.
320 2693 362 2749 Le
381 2687 479 2749 Gallia
499 2688 639 2745 chistiana
657 2688 739 2766 parle
758 2688 794 2747 de
811 2707 844 2762 ce
862 2686 941 2746 b'ruit
962 2688 1099 2768 repando
1121 2692 1250 2770 pendant
1266 2714 1293 2752 sa

224 2782 393 2854 de'tention‚
409 2795 430 2840 t.
447 2784 537 2857 xm,
555 2781 613 2840 col.
633 2785 720 2840 1236.

266 2883 295 2938 Ξ.
318 2877 343 2937 Il
357 2878 401 2936 fut
415 2876 470 2936 mis
483 2875 557 2935 dans
569 2895 629 2935 une
641 2874 735 2935 decer
748 2875 889 2936 fanenses
903 2895 988 2956 ceges
1003 2876 1041 2937 de
1055 2878 1102 2938 ier
1112 2879 1188 2939 dont
1199 2882 1220 2940 il
1232 2883 1295 2942 init

224 2973 413 3043 l’inventeur,
435 2990 473 3029 au
490 2969 555 3031 dire
575 2969 613 3031 tle
629 2971 804 3031 Commines.
821 2976 864 3030 La
881 2971 981 3029 sienne
1000 2972 1072 3031 erait
1089 2978 1247 3054 compesce
1261 2976 1295 3035 de

227 3071 290 3128 tta·
302 3065 399 3145 pisces
412 3064 450 3124 de
466 3064 624 3143 charpeme
637 3077 666 3124 et
683 3063 721 3124 de
731 3067 814 3124 3953
827 3064 915 3122 liures
933 3078 1036 3143 pesam
1049 3065 1088 3125 de
1102 3068 1158 3127 fer.
1176 3071 1290 3143 smel,

224 3159 276 3239 qui
291 3179 367 3218 nous
381 3178 418 3219 en
435 3159 605 3218 aconserre'
621 3158 647 3216 le
657 3157 796 3217 memoire
809 3157 847 3218 de
861 3158 1058 3218 construction
1069 3158 1247 3241 (Antiquires
1259 3164 1293 3222 de

224 3253 325 3327 Paris,
341 3265 363 3313 t.
385 3257 444 3327 111,
458 3272 490 3331 p.
507 3256 595 3330 tra),
617 3252 659 3312 dit
672 3253 778 3331 qu'elle
795 3253 837 3323 sut
854 3253 922 3313 faite
933 3255 1100 3315 seulement
1114 3244 1152 3315 en
1174 3263 1252 3320 illd
1267 3274 1291 3318 et

223 3345 323 3424 places
337 3345 409 3405 dans
422 3346 501 3406 l'une
514 3347 565 3406 des
579 3359 659 3405 tours
672 3347 709 3406 de
722 3346 750 3405 la
760 3346 886 3406 Bastille.
900 3347 925 3405 Il
940 3348 1016 3407 n'est
1028 3348 1106 3422 donc
1120 3371 1176 3430 pas
1189 3354 1290 3412 certain

223 3461 281 3521 que
294 3462 327 3502 oe
340 3444 397 3503 soit
410 3448 428 3503 a
439 3465 472 3504 ce
485 3464 574 3524 genre
588 3443 625 3503 de
638 3444 811 3523 cachot'que
823 3444 931 3523 venille
942 3445 1016 3506 faire
1031 3447 1159 3508 allusion
1172 3450 1292 3510 'lbonus

223 3536 322 3607 Rasin,
335 3536 376 3596 lui
393 3537 442 3616 qui
455 3537 576 3598 derivait
591 3557 625 3598 oe
637 3542 727 3617 qu'on
743 3539 777 3597 lit
789 3538 826 3598 ici
840 3557 877 3598 en
895 3541 982 3599 tart.
991 3540 1070 3615 Quoi
1086 3541 1159 3619 qu'il
1174 3563 1213 3603 eu
1227 3546 1290 3618 soit,

222 3631 356 3709 l’evt‘eque
375 3630 412 3689 de
431 3630 549 3689 Verdun
559 3644 620 3711 put
634 3651 665 3690 se
678 3631 798 3690 livrerl
813 3630 921 3690 l'etude
935 3632 1067 3710 pendant
1087 3653 1121 3692 st
1136 3637 1290 3715 septivira,

222 3725 241 3783 il
256 3725 352 3804 appril
373 3724 400 3784 ls
425 3724 502 3786 droit
523 3738 552 3784 er
570 3745 590 3804 y
610 3725 711 3803 devint
736 3725 774 3784 de
796 3726 939 3805 premiere
964 3727 1056 3790 lorce.
1083 3733 1184 3786 Gallia
1206 3733 1291 3787 chris·

223 3829 320 3893 tiana,
348 3820 368 3878 l.
389 3841 416 3883 c.

263 3916 292 3971 3.
312 3912 425 3992 Voyez,
438 3910 472 3992 p.'
486 3915 556 3972 tlt.
