2946 5070
592 503 703 558 LIBER
723 501 875 559 sextus.
1075 491 1080 501 ’
1228 505 1265 558 ta

201 636 311 707 armis
330 636 516 725 inventus,
544 659 627 704 cum
651 631 822 705 obsistere
838 633 1047 704 adversariis
1061 646 1265 724 conaretur,

201 775 395 849 oppressus
423 763 488 822 est.
521 753 564 820 Et
595 748 677 821 licet
703 747 984 840 nonnullorum,
1012 748 1073 844 qui
1099 749 1266 847 praecipui

201 881 367 938 auctores
381 865 545 965 factionis
561 874 644 938 ante
660 864 823 956 fuerant,
847 861 946 937 bona
964 864 1103 964 direpta
1119 864 1211 951 sint,
1233 879 1269 934 et

200 981 250 1055 de
280 982 498 1081 quibusdam
529 982 645 1054 ductis
679 983 716 1053 in
750 982 1072 1078 Bagam-Comitis¹
1095 981 1267 1080 supplicia

200 1115 363 1198 ⁸⁰¹¹¹Pl³2
390 1098 512 1196 quoad
534 1097 712 1197 plebeiam
734 1112 855 1171 tamen
883 1099 1146 1171 multitudinem
1168 1100 1269 1197 oppi-
1383 1111 1386 1117 ’

200 1215 291 1288 dum
318 1217 492 1288 intactum
517 1216 697 1289 remansit.
728 1215 836 1312 Cujus
862 1214 1110 1288 subactionem
1144 1231 1270 1287 caetera

200 1333 338 1431 oppida
365 1332 526 1430 ejusdem
558 1347 664 1404 antea
692 1331 875 1424 factionis,
906 1355 985 1427 quae
1016 1332 1136 1429 potius
1163 1357 1268 1403 suum

199 1449 405 1546 principem
429 1463 681 1541 contemnere,
702 1472 812 1544 quam
830 1448 976 1520 adeum
999 1447 1162 1520 debitum
1185 1447 1269 1520 sub·

195 1563 365 1661 jectionis
390 1579 425 1635 et
450 1562 661 1637 obedientiae
692 1589 831 1636 servare
846 1563 1084 1657 ¹videbantur,
1106 1568 1270 1639 exterrita

199 1694 239 1754 et
269 1680 450 1774 emollita,
486 1708 523 1754 se
551 1681 710 1780 ejusdem
744 1683 798 1752 sui
827 1682 998 1779 principis
1031 1681 1269 1755 dominationi

201 1799 317 1896 magis
330 1799 461 1872 devota
476 1817 583 1897 atque
602 1799 807 1872 obedientia
821 1797 1072 1870 exhibuerunt.

253 1920 325 1987 Nee
342 1930 461 1987 tamen
479 1930 669 2014 propterca
680 1914 818 1987 radices
836 1914 1052 1986 seditionum
1066 1938 1087 1985 a
1100 1913 1270 1988 cordibus

201 2030 467 2103 lincolnensium
495 2031 622 2102 evulsae
654 2056 801 2129 prorsus
829 2045 891 2104 aut
919 2045 1089 2102 emortuae
1124 2031 1270 2103 reddita

201 2162 307 2238 sunt3
328 2148 415 2245 quin
437 2148 534 2237 imo,
555 2148 682 2245 procul
704 2146 836 2240 dubio,
860 2178 877 2215 «
897 2160 1044 2220 manent
1063 2147 1134 2220 alta
1151 2163 1270 2220 mente

201 2278 369 2363 repostae3
388 2296 405 2331 ι
421 2279 456 2336 et
472 2265 525 2356 si,
545 2279 731 2363 premente
749 2279 847 2337 metu
862 2289 929 2364 pro
948 2278 1109 2362 tempore
1129 2264 1271 2338 silentio
1385 2297 1390 2305 ·

200 2392 384 2475 teguntur,
412 2395 533 2452 tamen
556 2379 751 2477 aliquando
780 2380 808 2451 si
838 2381 873 2451 in
898 2394 1059 2477 apertum
1090 2369 1271 2476 emergere

201 2495 362 2588 licuerit,
381 2496 579 2568 verendum
598 2511 652 2568 est
674 2521 720 2567 ne
739 2497 776 2567 in
795 2520 966 2592 magnum
992 2496 1192 2594 irrumpant
1210 2498 1271 2568 in-

202 2611 373 2683 cendium
384 2616 407 2705 ¹,
423 2628 459 2684 et
474 2635 519 2683 ne
533 2612 688 2684 acriores
704 2612 775 2684 sint
790 2636 931 2683 morsus
947 2612 1153 2684 intermissae
1164 2611 1271 2686 liber·

203 2727 296 2819 tatis,
315 2750 425 2823 quam
440 2739 595 2818 retentae,
612 2726 711 2821 juxta
723 2726 934 2799 sententiam
943 2726 1145 2798 Ciceronis:
1161 2750 1271 2824 quam

205 2859 324 2917 tamen
339 2858 475 2943 pestem
492 2847 588 2915 Deus
603 2858 759 2937 avertat,
775 2858 810 2915 et
822 2844 945 2916 omnia
960 2844 1167 2940 hujusmodi
1181 2843 1272 2917 ziza·

204 2962 350 3033 nicrum
372 2962 509 3032 semina
530 2960 575 3031 de
599 2985 746 3031 suorum
770 2959 898 3032 animis
922 2959 1081 3032 fidelium
1104 2959 1271 3033 radicitus
1294 3033 1298 3041 ,

204 3076 371 3172 dignetur
386 3075 562 3174 propitius
579 3071 744 3147 evellere!

252 3190 326 3263 Sed
347 3191 430 3262 licet
446 3190 485 3261 hi
506 3191 569 3288 qui
596 3189 641 3262 de
664 3190 837 3286 Trajecto,
858 3190 910 3261 uti
931 3189 1177 3289 praediximus,
1198 3217 1272 3290 op-

204 3307 332 3408 pidum
351 3307 478 3405 leydis
494 3308 530 3380 in
549 3307 707 3380 savorem
723 3308 884 3379 exsulum
903 3309 1120 3407 irruperunt,
1136 3307 1271 3408 oppido

205 3425 349 3519 relicto,
369 3426 415 3498 ad
432 3426 578 3524 propria
595 3425 839 3516 revertissent,
862 3450 937 3497 non
958 3441 1078 3499 tamen
1093 3450 1204 3525 parvo
1221 3410 1273 3499 in·

203 3541 357 3638 iuriam,
387 3543 425 3614 in
452 3541 548 3614 dicto
581 3542 709 3639 insigni
735 3542 871 3642 oppido
898 3541 965 3615 sibi
986 3569 1029 3616 ac
1050 3544 1119 3616 loci
1144 3545 1273 3617 accolis

208 3657 355 3748 laetam,
378 3658 450 3730 dux
482 3659 647 3748 Austriae,
669 3658 867 3730 Hollandiae
887 3660 1077 3759 princeps,
1099 3662 1274 3733 aestiman·

208 3774 290 3847 dam
322 3773 379 3845 vel
406 3773 582 3870 neglectui
621 3771 829 3846 habendam
860 3774 971 3847 duxit.
1012 3780 1143 3849 Verum
1176 3777 1272 3873 gravi

208 3890 359 3990 proinde
377 3890 430 3962 ira
448 3912 490 3962 ac
512 3888 759 3985 indignatione
784 3889 953 3965 adversus
973 3893 1211 3990 Trajectenses
1238 3906 1274 3963 et

247 4074 276 4127 1.
299 4075 341 4128 La
355 4074 448 4148 Haye.
463 4074 536 4149 Voy.
553 4084 574 4128 t.
591 4074 638 4143 11,
655 4091 684 4149 p.
702 4074 774 4146 tle,
790 4084 858 4130 note
872 4077 901 4132 l.

245 4165 275 4221 2.
298 4167 372 4222 ‘sont
394 4185 428 4222 ce
446 4165 495 4241 qni
516 4165 583 4235 suit,
606 4164 720 4241 jusqn'a
742 4165 768 4222 la
789 4165 827 4221 lin
847 4166 886 4223 dn
903 4166 1044 4244 chapitre,
1061 4185 1185 4245 marique
1201 4167 1272 4225 dans

210 4256 366 4315 Matthaeus.
