2946 5070
565 419 570 432 '
594 450 705 506 nrm
730 448 880 509 snxrtrs.
1228 449 1267 506 os

205 580 481 685 redintegranda
515 581 616 655 nullo
647 594 753 680 paeto
786 578 1012 679 patiebantur
1038 578 1186 674 audire,
1204 583 1268 681 qui

204 682 450 794 magistratum
481 713 567 772 tunc
601 699 638 771 in
667 697 807 770 civitate
833 695 1014 793 gerebant.
1045 702 1090 768 Et·
1120 698 1267 796 quidem

203 812 321 889 bonas
336 829 373 887 et
387 839 505 912 aequas
536 816 633 914 pacis
658 812 897 906 conditiones,
921 811 1184 912 comprehenso
1201 818 1268 889 suo

204 931 396 1033 pontifice,
412 947 672 1032 manenteque,
701 933 753 1005 uti
766 931 856 1029 juris
870 946 964 1024 erat,
986 932 1134 1030 praesule
1149 947 1185 1005 et
1201 933 1268 1006 do·

204 1050 307 1123 mino
323 1051 490 1142 civitatis,
508 1051 535 1123 si
556 1074 636 1122 eam
652 1048 818 1148 amplecti
840 1063 1040 1142 curassent,
1056 1047 1158 1123 facile
1171 1051 1268 1124 inve·

204 1164 372 1259 aiebant,
390 1166 475 1239 etin
488 1190 552 1240 sua
564 1179 730 1265 poterant
745 1164 915 1237 mansisse
931 1163 1094 1238 libertate
1112 1179 1149 1238 et
1162 1191 1264 1265 pace.

203 1283 276 1356 Sed
299 1299 374 1359 tam
399 1284 470 1358 alte
500 1284 664 1380 iniquum
688 1282 725 1354 in
752 1306 857 1354 suum
886 1296 1066 1380 pastorem
1089 1282 1267 1382 optimum

204 1401 330 1477 odium
345 1404 383 1476 in
399 1401 579 1476 mentibus
591 1416 780 1475 auctorum
789 1398 994 1473 rebellionis
1008 1399 1147 1474 radices
1161 1402 1267 1476 mise·

203 1533 271 1614 rat,
306 1519 423 1618 deque
453 1543 491 1593 se
513 1543 654 1619 semper
683 1541 772 1591 saeva
803 1541 1021 1616 praesumens
1048 1520 1268 1594 conscientia

201 1635 284 1714 laesa
311 1636 349 1708 in
377 1651 477 1711 tanta
506 1634 706 1709 diffidentia
730 1648 765 1706 et
795 1632 1043 1733 desperatione
1070 1635 1203 1729 veniae,
1231 1650 1268 1708 et

202 1749 379 1827 firmitatis
403 1753 720 1853 qualiumcumque
746 1751 798 1823 eis
822 1748 1022 1823 ficndarum
1038 1751 1267 1851 pollicitatio-

202 1891 312 1956 num,
339 1869 481 1942 animos
506 1893 634 1942 eorum
658 1866 911 1955 constituerat,
930 1879 971 1938 ut
996 1890 1144 1940 ornnem
1169 1866 1268 1967 paois
1376 1902 1380 1914 ·

201 1980 361 2058 oblatam
378 2009 443 2059 seu
471 1967 694 2059 offerendam
714 1982 973 2076 conditionem,
991 2007 1180 2082 perquam
1197 1983 1266 2057 snb

201 2121 352 2173 manum
374 2125 418 2174 ae
442 2117 654 2202 potestatem
670 2100 809 2198 domini
833 2114 870 2173 et
896 2099 1048 2199 pastoris
1064 2101 1120 2173 sui
1134 2100 1271 2174 recide·
1298 2154 1301 2161 -

200 2230 304 2308 tent,
324 2219 563 2318 respuendam
578 2218 856 2318 pertinacissime
872 2212 1119 2290 observassent
1129 2222 1151 2288 ¹.
1167 2221 1267 2290 Fere·

199 2330 308 2407 batur
324 2334 516 2434 praelatum
523 2335 714 2409 dominum
729 2333 776 2408 de
797 2333 1001 2406 Montelorti
1016 2333 1271 2430 hujuscemodi

200 2450 402 2524 evomuisse
420 2475 643 2539 sermonem,
662 2448 762 2549 quod
782 2449 904 2522 mallet
916 2450 1037 2548 potius
1051 2449 1172 2523 videre
1186 2450 1268 2522 Tra·

196 2571 339 2663 jectum.
348 2565 543 2639 deductum
557 2567 604 2641 ad
618 2581 776 2640 aratrum
789 2580 978 2662 totumque
993 2566 1140 2664 rapinisl
1154 2566 1268 2641 vireu·

200 2677 297 2753 tibus
312 2682 430 2754 solum
447 2683 557 2782 ipsius
587 2682 749 2771 civitatis,
789 2682 820 2754 si
845 2680 913 2753 sub
942 2680 1184 2755 obedientiam
1211 2685 1266 2756 sui

200 2798 380 2896 pontificis
409 2800 532 2874 referri
547 2799 713 2890 deberet3
732 2797 904 2896 quodque
922 2799 1042 2898 potius
1059 2799 1181 2873 omnia
1208 2825 1268 2873 ex·

200 2927 315 2989 trema
333 2916 447 3011 famis,
463 2919 583 3016 pestis,
603 2931 881 3014 caeterarumque
901 2913 1058 2988 cladium
1072 2931 1109 2989 et
1123 2917 1267 2990 calami·
1367 3005 1373 3017 Ι

200 3043 316 3104 tatum
334 3032 409 3132 ipse
421 3035 548 3132 suique
563 3035 679 3131 iniqui
694 3031 862 3123 lautores,
892 3033 1000 3105 etiam
1027 3032 1074 3106 ad
1101 3036 1265 3107 omnium

203 3172 317 3246 usque
349 3149 482 3222 civium
497 3151 803 3242 internecionem„
829 3147 997 3222 libentius
1023 3165 1265 3249 exspectarent

200 3285 244 3335 ac
256 3262 436 3360 viderent,
470 3289 579 3365 quam
603 3264 703 3365 quod
715 3262 933 3337 ineolumem
945 3265 1124 3338 civitatem
1139 3266 1186 3339 ad
1202 3292 1265 3366 pa·

200 3378 355 3453 rendum
379 3382 476 3457 dieto
502 3408 568 3456 suo
592 3380 755 3482 pontifici
781 3395 817 3453 et
832 3380 997 3476 domino,
1029 3382 1265 3482 ae'pacifieari

201 3497 456 3571 consentirent

249 3611 308 3684 Sic
324 3629 399 3688 erat
414 3615 542 3688 misera
558 3613 681 3686 civitas
710 3611 777 3686 sub
803 3614 1075 3687 saevissimorum
1092 3629 1264 3713 tyranno·

203 3751 282 3799 rum
307 3745 519 3838 potestatem
541 3729 702 3824 redacta,
730 3730 861 3801 necin
892 3731 1111 3804 contrarium
1139 3733 1264 3831 (quan

240 3938 268 3994 l.
292 3936 395 3997 unuh.
412 3935 601 3998 Observarirrt.

240 4034 270 4091 Ξ.
295 4032 496 4110 competens
509 4030 669 4109 Matthaeus,
678 4030 729 4110 qui
741 4049 759 4089 a
772 4041 835 4089 tout
847 4027 1017 4090 bouteverst
1030 4031 1059 4090 la
1071 4030 1175 4111 phrase
1188 4050 1263 4110 pour

204 4123 382 4206 laconiger.
398 4128 444 4186 On
465 4145 495 4185 se
514 4124 647 4187 tiendrait
666 4125 731 4203 plus
749 4125 815 4204 pres
837 4124 876 4184 du
890 4137 967 4184 texte
982 4145 1018 4184 en
1038 4124 1210 4185 substituant
1232 4133 1262 4182 in

199 4232 285 4296 pmta
298 4227 419 4280 virentia
430 4241 586 4280 commum
599 4223 615 4280 a
629 4221 739 4296 rupinis
751 4218 911 4291 rr'rerrtr‘bes.
