2946 5070
590 483 701 538 uasa
721 482 870 542 PRIMUS.
1205 483 1263 543 269

253 618 296 686 Et
311 615 389 687 talis
404 614 528 710 utique
535 613 601 684 tuit
613 612 783 686 simulata
799 628 835 686 et
845 613 931 687 dolo
941 614 1103 687 conliotae
1114 616 1264 715 praefatae

201 732 386 828 legationis
406 729 563 803 effectus.
588 716 679 818 Quae
700 730 861 829 proiecto
883 756 958 803 non
977 729 1026 805 ob
1046 729 1143 806 aliud
1161 733 1264 806 luisse

202 847 397 942 excogitata
413 846 525 919 videri
544 848 679 946 potuit,
707 845 774 919 nisi
798 860 840 917 ut
860 846 1024 946 praesatus
1039 850 1265 921 Norrnanniae

202 964 290 1053 dux,
303 961 348 1034 de
364 963 423 1035 illa
441 987 504 1036 sua
526 987 655 1060 magna
672 960 763 1034 urbe
780 962 1057 1060 Rothomagensi
1073 979 1261 1060 extractus,
1286 998 1289 1011 =

201 1081 238 1152 in
256 1101 328 1174 qua
344 1077 475 1151 talibus
495 1079 632 1152 insidiis
652 1070 727 1150 non
744 1077 845 1150 facile
864 1080 1113 1153 circumveniri
1131 1085 1266 1181 potuis·

200 1209 272 1286 set,
293 1194 345 1295 ¹ad
361 1182 502 1294 patulos
519 1195 629 1268 saltus
653 1192 875 1287 educeretur,
896 1197 933 1267 in
951 1195 1081 1294 quibus
1100 1222 1184 1270 cum
1198 1199 1264 1271 mi-

200 1313 281 1384 nori
297 1311 504 1384 difficultate
518 1309 652 1385 retibus
669 1325 705 1384 et
721 1310 857 1408 laqueis
869 1327 1080 1385 serratorum
1098 1311 1265 1386 concludi

200 1442 237 1499 et
250 1429 422 1501 coarctari
441 1427 618 1499 valuisset.
641 1429 759 1513 Quem
772 1451 857 1497 curn
875 1429 923 1499 ita
938 1427 1006 1499 illis
1021 1427 1190 1500 eductum
1203 1455 1265 1528 pe·

200 1545 321 1617 riculis
335 1560 371 1618 et
381 1558 632 1642 preservatum
645 1542 751 1614 luisse
769 1541 816 1614 ab
832 1543 967 1616 insidiis
981 1569 1056 1617 non
1070 1545 1267 1640 ignorasset

200 1663 409 1742 rexnostris
427 1675 547 1733 actum
561 1659 733 1750 consiliis,
748 1684 824 1731 non
841 1659 1045 1732 dubitamus
1068 1662 1156 1757 quin
1181 1687 1264 1735 cau·

200 1778 282 1850 sisa
299 1776 405 1850 nobis
419 1777 517 1876 prius
534 1774 701 1873 expositis
716 1773 793 1846 haec
808 1776 916 1847 etiam
932 1776 1192 1849 incrementum
1209 1779 1264 1849 in·

200 1895 416 1993 dignationis
430 1892 597 1989 adjecerit
611 1889 881 1988 acerbitatisque
894 1891 1059 1964 nonnihil
1073 1893 1262 1986 addiderit,

200 2038 285 2085 cum
300 2036 337 2084 se
355 2024 478 2110 optata
496 2023 531 2080 et
546 2007 776 2080 vehementer
789 2008 981 2105 concupita
998 2008 1108 2105 ipsius
1119 2009 1172 2080 sui
1191 2033 1265 2106 ger·

200 2130 298 2201 mani
323 2126 607 2227 deprehensione
626 2124 800 2197 inveniret
825 2125 954 2198 nostris
976 2125 1126 2197 consilio
1144 2139 1178 2197 et
1202 2150 1263 2198 co·

199 2243 403 2318 hortatione
422 2243 597 2326 delusum.

551 2512 807 2593 ClPlTULUM
831 2523 907 2591 VH.

401 2709 605 2762 tramam
618 2706 1055 2780 spumantemamnem.

253 2878 338 2952 lnde
356 2905 464 2971 vero,
484 2878 618 2951 seilicet
635 2903 678 2951 ex
696 2876 969 2970 Ponte-Archa,
996 2903 1086 2973 cum¹
1106 2877 1202 2950 idem
1224 2878 1263 2949 il·

203 2997 430 3079 lustrissimus
450 2997 522 3069 dux
547 2992 809 3091 Rothomagum
829 2996 866 3067 in
891 3009 968 3066 tuto
995 3019 1032 3066 se
1051 2996 1261 3093 recepisset,

202 3112 241 3184 in
256 3112 336 3202 ⁸(lies
351 3138 394 3184 ex
409 3095 515 3184 variis
529 3110 617 3182 locis
635 3106 870 3182 ac'currebant
893 3104 1008 3181 nuntii
1025 3111 1105 3207 qui,
1128 3135 1171 3184 ea
1186 3136 1264 3208 qum

202 3252 267 3326 per
288 3252 408 3323 regem
432 3226 683 3321 actitabantur,
710 3226 915 3297 nuntiarent
935 3252 945 3295 ε
964 3226 1115 3322 qualiter
1134 3227 1264 3298 scilicet

203 3341 338 3441 oppida
353 3357 387 3414 et
406 3343 548 3416 castella
564 3355 671 3440 atque
687 3342 843 3414 civitates
858 3341 1104 3433 Normanniae,
1126 3356 1166 3412 nt
1184 3344 1265 3413 Ver·

203 3484 352 3551 nonem,
375 3460 652 3553 Carantonium,
674 3458 861 3549 Oximum,
885 3458 1079 3551 Falesiam,
1101 3461 1264 3554 Sagium¹

204 3574 344 3672 aliaque
359 3575 513 3674 plurima
525 3575 619 3660 loca,
636 3575 822 3673 ipsamque
835 3574 1013 3645 civitatem
1030 3589 1188 3646 nostram
1203 3579 1265 3646 Le·

205 3693 365 3783 xovium,
376 3716 465 3789 quas
474 3691 596 3789 paucis
607 3704 689 3763 ante
701 3688 828 3762 diebus
842 3689 909 3761 sub
923 3691 1119 3762 arctissimo
1135 3690 1265 3762 soedere

204 3820 240 3878 et
255 3807 464 3880 sacramenti
481 3806 649 3901 religione
663 3799 804 3878 firmato
818 3805 914 3879 dicto
931 3810 1101 3903 germano
1119 3832 1188 3905 pro,
1202 3831 1266 3879 sua

204 3921 360 4018 legitima
377 3939 533 4022 paternae
553 3922 765 3996 haereditatis
784 3923 949 4021 portione
973 3924 1183 4018 assignarat,
1202 3922 1265 3995 de·

206 4063 281 4113 nuo
303 4040 489 4139 recepisset
502 4054 538 4111 et
558 4037 605 4110 ad
621 4063 722 4111 suam
751 4039 964 4139 reposuisset
979 4063 1148 4127 manum,
1168 4062 1266 4111 eum·

235 4223 279 4292 .¹·
301 4221 436 4290 Vemon,
450 4221 611 4289 Carentan,
626 4220 748 4290 ltxmes,
762 4218 889 4289 Falaise,
904 4218 984 4276 Scies.
