<?xml version="1.0" encoding="UTF-8"?>
<!DOCTYPE html PUBLIC "-//W3C//DTD XHTML 1.0 Transitional//EN"
    "http://www.w3.org/TR/xhtml1/DTD/xhtml1-transitional.dtd">
<html xmlns="http://www.w3.org/1999/xhtml" xml:lang="en" lang="en">
 <head>
  <title>
</title>
<meta http-equiv="Content-Type" content="text/html;charset=utf-8" />
  <meta name='ocr-system' content='tesseract 3.04.00' />
  <meta name='ocr-capabilities' content='ocr_page ocr_carea ocr_par ocr_line ocrx_word'/>
</head>
<body>
  <div class='ocr_page' id='page_1' title='image "./histoiredesrgne00amelgoog_0238.png"; bbox 0 0 2946 5070; ppageno 0'>
   <div class='ocr_carea' id='block_1_1' title="bbox 553 496 1262 554">
    <p class='ocr_par' dir='ltr' id='par_1_1' title="bbox 553 496 1262 554">
     <span class='ocr_line' id='line_1_1' title="bbox 553 496 1262 554; baseline 0 0"><span class='ocrx_word' id='word_1_1' title='bbox 553 496 664 554; x_wconf 77' lang='lat' dir='ltr'>unes</span> <span class='ocrx_word' id='word_1_2' title='bbox 699 496 889 554; x_wconf 66' lang='lat' dir='ltr'>sumnus.</span> <span class='ocrx_word' id='word_1_3' title='bbox 1209 499 1262 554; x_wconf 81' lang='lat' dir='ltr'>tat</span> 
     </span>
    </p>
   </div>
   <div class='ocr_carea' id='block_1_2' title="bbox 200 626 1268 2574">
    <p class='ocr_par' dir='ltr' id='par_1_2' title="bbox 203 626 1268 1300">
     <span class='ocr_line' id='line_1_2' title="bbox 205 626 1267 725; baseline 0.009 -33"><span class='ocrx_word' id='word_1_4' title='bbox 205 638 351 720; x_wconf 85' lang='lat' dir='ltr'>turque,</span> <span class='ocrx_word' id='word_1_5' title='bbox 376 641 517 723; x_wconf 78' lang='lat' dir='ltr'>oportet</span> <span class='ocrx_word' id='word_1_6' title='bbox 542 643 580 700; x_wconf 92' lang='lat' dir='ltr'>nt</span> <span class='ocrx_word' id='word_1_7' title='bbox 604 627 677 700; x_wconf 84' lang='lat' dir='ltr'>frat.</span> <span class='ocrx_word' id='word_1_8' title='bbox 703 633 793 700; x_wconf 90' lang='lat' dir='ltr'>Cum</span> <span class='ocrx_word' id='word_1_9' title='bbox 812 652 897 723; x_wconf 85' lang='lat' dir='ltr'>ergo</span> <span class='ocrx_word' id='word_1_10' title='bbox 923 629 973 719; x_wconf 90' lang='lat' dir='ltr'>is,</span> <span class='ocrx_word' id='word_1_11' title='bbox 1000 626 1136 725; x_wconf 91' lang='lat' dir='ltr'>dequo</span> <span class='ocrx_word' id='word_1_12' title='bbox 1162 630 1267 702; x_wconf 92' lang='lat' dir='ltr'>nobis</span> 
     </span>
     <span class='ocr_line' id='line_1_3' title="bbox 203 745 1268 846; baseline 0.009 -37"><span class='ocrx_word' id='word_1_13' title='bbox 203 763 321 810; x_wconf 88' lang='lat' dir='ltr'>sermo</span> <span class='ocrx_word' id='word_1_14' title='bbox 339 756 410 834; x_wconf 86' lang='lat' dir='ltr'>est,</span> <span class='ocrx_word' id='word_1_15' title='bbox 425 745 476 814; x_wconf 91' lang='lat' dir='ltr'>uti</span> <span class='ocrx_word' id='word_1_16' title='bbox 492 745 629 840; x_wconf 88' lang='lat' dir='ltr'>liquido</span> <span class='ocrx_word' id='word_1_17' title='bbox 648 745 955 844; x_wconf 74' lang='lat' dir='ltr'>superimprimit,</span> <span class='ocrx_word' id='word_1_18' title='bbox 984 745 1062 816; x_wconf 90' lang='lat' dir='ltr'>talis</span> <span class='ocrx_word' id='word_1_19' title='bbox 1086 747 1187 818; x_wconf 85' lang='lat' dir='ltr'>luerit</span> <span class='ocrx_word' id='word_1_20' title='bbox 1207 751 1268 846; x_wconf 94' lang='lat' dir='ltr'>qni</span> 
     </span>
     <span class='ocr_line' id='line_1_4' title="bbox 205 859 1268 958; baseline 0.01 -33"><span class='ocrx_word' id='word_1_21' title='bbox 205 880 271 926; x_wconf 89' lang='lat' dir='ltr'>nec</span> <span class='ocrx_word' id='word_1_22' title='bbox 290 859 483 955; x_wconf 88' lang='lat' dir='ltr'>promissa,</span> <span class='ocrx_word' id='word_1_23' title='bbox 513 886 579 932; x_wconf 90' lang='lat' dir='ltr'>nec</span> <span class='ocrx_word' id='word_1_24' title='bbox 599 862 736 958; x_wconf 88' lang='lat' dir='ltr'>jurata,</span> <span class='ocrx_word' id='word_1_25' title='bbox 764 885 831 932; x_wconf 89' lang='lat' dir='ltr'>nec</span> <span class='ocrx_word' id='word_1_26' title='bbox 854 862 984 957; x_wconf 87' lang='lat' dir='ltr'>scripta</span> <span class='ocrx_word' id='word_1_27' title='bbox 1001 876 1036 932; x_wconf 89' lang='lat' dir='ltr'>et</span> <span class='ocrx_word' id='word_1_28' title='bbox 1055 862 1177 957; x_wconf 83' lang='lat' dir='ltr'><strong>sigillis</strong></span> <span class='ocrx_word' id='word_1_29' title='bbox 1197 865 1268 936; x_wconf 92' lang='lat' dir='ltr'>suis</span> 
     </span>
     <span class='ocr_line' id='line_1_5' title="bbox 203 969 1268 1074; baseline 0.012 -35"><span class='ocrx_word' id='word_1_30' title='bbox 203 969 372 1045; x_wconf 81' lang='lat' dir='ltr'>roborata</span> <span class='ocrx_word' id='word_1_31' title='bbox 395 979 601 1069; x_wconf 79' lang='lat' dir='ltr'>servaverit,</span> <span class='ocrx_word' id='word_1_32' title='bbox 620 976 682 1048; x_wconf 89' lang='lat' dir='ltr'>sed</span> <span class='ocrx_word' id='word_1_33' title='bbox 708 1001 775 1074; x_wconf 87' lang='lat' dir='ltr'>pro</span> <span class='ocrx_word' id='word_1_34' title='bbox 797 974 899 1047; x_wconf 91' lang='lat' dir='ltr'>libito</span> <span class='ocrx_word' id='word_1_35' title='bbox 921 977 1137 1072; x_wconf 81' lang='lat' dir='ltr'>frequentius</span> <span class='ocrx_word' id='word_1_36' title='bbox 1160 979 1268 1051; x_wconf 76' lang='lat' dir='ltr'>riola·</span> 
     </span>
     <span class='ocr_line' id='line_1_6' title="bbox 204 1087 1267 1190; baseline 0.009 -35"><span class='ocrx_word' id='word_1_37' title='bbox 204 1087 310 1174; x_wconf 84' lang='lat' dir='ltr'>verit,</span> <span class='ocrx_word' id='word_1_38' title='bbox 350 1088 534 1162; x_wconf 84' lang='lat' dir='ltr'>deficiente</span> <span class='ocrx_word' id='word_1_39' title='bbox 569 1092 709 1188; x_wconf 74' lang='lat' dir='ltr'>justitiae</span> <span class='ocrx_word' id='word_1_40' title='bbox 742 1091 992 1181; x_wconf 82' lang='lat' dir='ltr'>fundamento,</span> <span class='ocrx_word' id='word_1_41' title='bbox 1020 1117 1103 1164; x_wconf 90' lang='lat' dir='ltr'>eum</span> <span class='ocrx_word' id='word_1_42' title='bbox 1127 1094 1267 1190; x_wconf 84' lang='lat' dir='ltr'>justitiae¹</span> 
     </span>
     <span class='ocr_line' id='line_1_7' title="bbox 203 1204 1045 1300; baseline 0.004 -30"><span class='ocrx_word' id='word_1_43' title='bbox 203 1223 348 1294; x_wconf 90' lang='lat' dir='ltr'>prorsus</span> <span class='ocrx_word' id='word_1_44' title='bbox 374 1218 553 1300; x_wconf 83' lang='lat' dir='ltr'>expertem</span> <span class='ocrx_word' id='word_1_45' title='bbox 573 1205 677 1276; x_wconf 87' lang='lat' dir='ltr'>luisse</span> <span class='ocrx_word' id='word_1_46' title='bbox 700 1204 798 1277; x_wconf 83' lang='lat' dir='ltr'>lateri</span> <span class='ocrx_word' id='word_1_47' title='bbox 821 1229 962 1276; x_wconf 88' lang='lat' dir='ltr'>necesse</span> <span class='ocrx_word' id='word_1_48' title='bbox 981 1220 1045 1277; x_wconf 93' lang='lat' dir='ltr'>est.</span> 
     </span>
    </p>

    <p class='ocr_par' dir='ltr' id='par_1_3' title="bbox 200 1316 1267 2574">
     <span class='ocr_line' id='line_1_8' title="bbox 250 1316 1267 1419; baseline 0.008 -32"><span class='ocrx_word' id='word_1_49' title='bbox 250 1316 411 1403; x_wconf 75' lang='lat' dir='ltr'><strong>Qualiter</strong></span> <span class='ocrx_word' id='word_1_50' title='bbox 434 1321 531 1392; x_wconf 90' lang='lat' dir='ltr'>enim</span> <span class='ocrx_word' id='word_1_51' title='bbox 561 1322 736 1419; x_wconf 90' lang='lat' dir='ltr'>promissa</span> <span class='ocrx_word' id='word_1_52' title='bbox 776 1322 986 1412; x_wconf 80' lang='lat' dir='ltr'>servaverit,</span> <span class='ocrx_word' id='word_1_53' title='bbox 1015 1345 1093 1416; x_wconf 86' lang='lat' dir='ltr'>quae</span> <span class='ocrx_word' id='word_1_54' title='bbox 1117 1322 1267 1395; x_wconf 80' lang='lat' dir='ltr'><strong>solemni</strong></span> 
     </span>
     <span class='ocr_line' id='line_1_9' title="bbox 202 1437 1266 1510; baseline 0.006 -6"><span class='ocrx_word' id='word_1_55' title='bbox 202 1450 424 1506; x_wconf 85' lang='lat' dir='ltr'>sacramento</span> <span class='ocrx_word' id='word_1_56' title='bbox 450 1437 486 1507; x_wconf 93' lang='lat' dir='ltr'>in</span> <span class='ocrx_word' id='word_1_57' title='bbox 509 1461 572 1508; x_wconf 90' lang='lat' dir='ltr'>sua</span> <span class='ocrx_word' id='word_1_58' title='bbox 590 1437 857 1509; x_wconf 85' lang='lat' dir='ltr'>consecratione</span> <span class='ocrx_word' id='word_1_59' title='bbox 879 1461 942 1508; x_wconf 89' lang='lat' dir='ltr'>sen</span> <span class='ocrx_word' id='word_1_60' title='bbox 960 1439 1130 1510; x_wconf 86' lang='lat' dir='ltr'>unctione</span> <span class='ocrx_word' id='word_1_61' title='bbox 1150 1440 1266 1510; x_wconf 85' lang='lat' dir='ltr'><strong>Remis</strong></span> 
     </span>
     <span class='ocr_line' id='line_1_10' title="bbox 201 1550 1266 1650; baseline 0.008 -31"><span class='ocrx_word' id='word_1_62' title='bbox 201 1550 427 1646; x_wconf 85' lang='lat' dir='ltr'>promiserat,</span> <span class='ocrx_word' id='word_1_63' title='bbox 454 1567 489 1622; x_wconf 91' lang='lat' dir='ltr'>et</span> <span class='ocrx_word' id='word_1_64' title='bbox 511 1568 652 1649; x_wconf 87' lang='lat' dir='ltr'>postea,</span> <span class='ocrx_word' id='word_1_65' title='bbox 678 1552 817 1625; x_wconf 82' lang='lat' dir='ltr'>Parisiis</span> <span class='ocrx_word' id='word_1_66' title='bbox 846 1568 1025 1650; x_wconf 88' lang='lat' dir='ltr'>receptus,</span> <span class='ocrx_word' id='word_1_67' title='bbox 1055 1554 1091 1625; x_wconf 93' lang='lat' dir='ltr'>in</span> <span class='ocrx_word' id='word_1_68' title='bbox 1118 1554 1180 1626; x_wconf 93' lang='lat' dir='ltr'>illo</span> <span class='ocrx_word' id='word_1_69' title='bbox 1206 1581 1266 1627; x_wconf 88' lang='lat' dir='ltr'>ve-</span> 
     </span>
     <span class='ocr_line' id='line_1_11' title="bbox 203 1662 1266 1765; baseline 0.01 -33"><span class='ocrx_word' id='word_1_70' title='bbox 203 1662 351 1734; x_wconf 87' lang='lat' dir='ltr'>nerabili</span> <span class='ocrx_word' id='word_1_71' title='bbox 376 1667 509 1763; x_wconf 91' lang='lat' dir='ltr'>templo</span> <span class='ocrx_word' id='word_1_72' title='bbox 535 1666 646 1738; x_wconf 74' lang='lat' dir='ltr'>beata</span> <span class='ocrx_word' id='word_1_73' title='bbox 669 1666 805 1758; x_wconf 74' lang='lat' dir='ltr'>Mariae,</span> <span class='ocrx_word' id='word_1_74' title='bbox 835 1668 871 1736; x_wconf 91' lang='lat' dir='ltr'>in</span> <span class='ocrx_word' id='word_1_75' title='bbox 898 1691 1008 1739; x_wconf 90' lang='lat' dir='ltr'>manu</span> <span class='ocrx_word' id='word_1_76' title='bbox 1035 1669 1144 1765; x_wconf 90' lang='lat' dir='ltr'>ipsius</span> <span class='ocrx_word' id='word_1_77' title='bbox 1167 1670 1266 1743; x_wconf 89' lang='lat' dir='ltr'>urbis</span> 
     </span>
     <span class='ocr_line' id='line_1_12' title="bbox 201 1777 1263 1880; baseline 0.008 -33"><span class='ocrx_word' id='word_1_78' title='bbox 201 1777 396 1874; x_wconf 84' lang='lat' dir='ltr'>pontificis,</span> <span class='ocrx_word' id='word_1_79' title='bbox 422 1781 582 1853; x_wconf 85' lang='lat' dir='ltr'>iterarat¹</span> <span class='ocrx_word' id='word_1_80' title='bbox 620 1781 680 1876; x_wconf 81' lang='lat' dir='ltr'>(de</span> <span class='ocrx_word' id='word_1_81' title='bbox 704 1782 951 1853; x_wconf 79' lang='lat' dir='ltr'>conservando</span> <span class='ocrx_word' id='word_1_82' title='bbox 978 1782 1140 1855; x_wconf 91' lang='lat' dir='ltr'>subditos</span> <span class='ocrx_word' id='word_1_83' title='bbox 1166 1786 1263 1880; x_wconf 85' lang='lat' dir='ltr'>regni</span> 
     </span>
     <span class='ocr_line' id='line_1_13' title="bbox 200 1893 1264 1992; baseline 0.009 -31"><span class='ocrx_word' id='word_1_84' title='bbox 200 1893 253 1962; x_wconf 90' lang='lat' dir='ltr'>sui</span> <span class='ocrx_word' id='word_1_85' title='bbox 279 1895 316 1963; x_wconf 92' lang='lat' dir='ltr'>in</span> <span class='ocrx_word' id='word_1_86' title='bbox 340 1894 475 1989; x_wconf 86' lang='lat' dir='ltr'>justitia</span> <span class='ocrx_word' id='word_1_87' title='bbox 500 1912 535 1967; x_wconf 92' lang='lat' dir='ltr'>et</span> <span class='ocrx_word' id='word_1_88' title='bbox 556 1894 696 1992; x_wconf 91' lang='lat' dir='ltr'>juribus</span> <span class='ocrx_word' id='word_1_89' title='bbox 722 1897 813 1983; x_wconf 88' lang='lat' dir='ltr'>suis,</span> <span class='ocrx_word' id='word_1_90' title='bbox 840 1895 886 1967; x_wconf 85' lang='lat' dir='ltr'>de</span> <span class='ocrx_word' id='word_1_91' title='bbox 909 1897 1083 1969; x_wconf 80' lang='lat' dir='ltr'>servando</span> <span class='ocrx_word' id='word_1_92' title='bbox 1110 1899 1264 1971; x_wconf 86' lang='lat' dir='ltr'>ecclesiae</span> 
     </span>
     <span class='ocr_line' id='line_1_14' title="bbox 201 2008 1264 2108; baseline 0.008 -32"><span class='ocrx_word' id='word_1_93' title='bbox 201 2010 300 2102; x_wconf 84' lang='lat' dir='ltr'>regni</span> <span class='ocrx_word' id='word_1_94' title='bbox 321 2023 356 2079; x_wconf 90' lang='lat' dir='ltr'>et</span> <span class='ocrx_word' id='word_1_95' title='bbox 378 2008 424 2080; x_wconf 90' lang='lat' dir='ltr'>de</span> <span class='ocrx_word' id='word_1_96' title='bbox 453 2009 588 2081; x_wconf 90' lang='lat' dir='ltr'>tuendo</span> <span class='ocrx_word' id='word_1_97' title='bbox 615 2012 839 2108; x_wconf 87' lang='lat' dir='ltr'>privilegium</span> <span class='ocrx_word' id='word_1_98' title='bbox 866 2013 1097 2104; x_wconf 87' lang='lat' dir='ltr'>canonicum,</span> <span class='ocrx_word' id='word_1_99' title='bbox 1126 2013 1172 2085; x_wconf 92' lang='lat' dir='ltr'>de</span> <span class='ocrx_word' id='word_1_100' title='bbox 1193 2039 1264 2085; x_wconf 90' lang='lat' dir='ltr'>ser·</span> 
     </span>
     <span class='ocr_line' id='line_1_15' title="bbox 201 2123 1263 2219; baseline 0.008 -27"><span class='ocrx_word' id='word_1_101' title='bbox 201 2123 319 2195; x_wconf 85' lang='lat' dir='ltr'>vando</span> <span class='ocrx_word' id='word_1_102' title='bbox 340 2125 516 2219; x_wconf 89' lang='lat' dir='ltr'>integrum</span> <span class='ocrx_word' id='word_1_103' title='bbox 537 2140 571 2196; x_wconf 92' lang='lat' dir='ltr'>et</span> <span class='ocrx_word' id='word_1_104' title='bbox 591 2151 664 2196; x_wconf 92' lang='lat' dir='ltr'>non</span> <span class='ocrx_word' id='word_1_105' title='bbox 681 2126 871 2199; x_wconf 89' lang='lat' dir='ltr'>alienando</span> <span class='ocrx_word' id='word_1_106' title='bbox 895 2125 1104 2198; x_wconf 84' lang='lat' dir='ltr'>domanium</span> <span class='ocrx_word' id='word_1_107' title='bbox 1121 2153 1263 2201; x_wconf 83' lang='lat' dir='ltr'>coronae</span> 
     </span>
     <span class='ocr_line' id='line_1_16' title="bbox 200 2240 1263 2340; baseline 0.006 -29"><span class='ocrx_word' id='word_1_108' title='bbox 200 2265 288 2330; x_wconf 84' lang='lat' dir='ltr'>suae,</span> <span class='ocrx_word' id='word_1_109' title='bbox 312 2240 428 2338; x_wconf 86' lang='lat' dir='ltr'>deque</span> <span class='ocrx_word' id='word_1_110' title='bbox 443 2242 594 2314; x_wconf 85' lang='lat' dir='ltr'>alienata</span> <span class='ocrx_word' id='word_1_111' title='bbox 617 2241 662 2315; x_wconf 91' lang='lat' dir='ltr'>ad</span> <span class='ocrx_word' id='word_1_112' title='bbox 686 2241 743 2339; x_wconf 84' lang='lat' dir='ltr'>jus</span> <span class='ocrx_word' id='word_1_113' title='bbox 760 2243 869 2340; x_wconf 89' lang='lat' dir='ltr'>ipsius</span> <span class='ocrx_word' id='word_1_114' title='bbox 885 2244 1089 2315; x_wconf 89' lang='lat' dir='ltr'>revocando</span> <span class='ocrx_word' id='word_1_115' title='bbox 1104 2259 1139 2314; x_wconf 91' lang='lat' dir='ltr'>et</span> <span class='ocrx_word' id='word_1_116' title='bbox 1156 2261 1263 2317; x_wconf 88' lang='lat' dir='ltr'>retra·</span> 
     </span>
     <span class='ocr_line' id='line_1_17' title="bbox 200 2357 1262 2459; baseline 0.006 -32"><span class='ocrx_word' id='word_1_117' title='bbox 200 2358 322 2429; x_wconf 88' lang='lat' dir='ltr'>hendo</span> <span class='ocrx_word' id='word_1_118' title='bbox 344 2357 404 2456; x_wconf 87' lang='lat' dir='ltr'>[et]</span> <span class='ocrx_word' id='word_1_119' title='bbox 431 2360 516 2445; x_wconf 85' lang='lat' dir='ltr'>alia,</span> <span class='ocrx_word' id='word_1_120' title='bbox 546 2361 575 2430; x_wconf 92' lang='lat' dir='ltr'>si</span> <span class='ocrx_word' id='word_1_121' title='bbox 598 2385 676 2458; x_wconf 72' lang='lat' dir='ltr'>quae</span> <span class='ocrx_word' id='word_1_122' title='bbox 698 2373 797 2452; x_wconf 92' lang='lat' dir='ltr'>sunt,</span> <span class='ocrx_word' id='word_1_123' title='bbox 817 2359 902 2432; x_wconf 91' lang='lat' dir='ltr'>dicti</span> <span class='ocrx_word' id='word_1_124' title='bbox 929 2362 1140 2432; x_wconf 85' lang='lat' dir='ltr'>sacramenti</span> <span class='ocrx_word' id='word_1_125' title='bbox 1165 2363 1262 2459; x_wconf 89' lang='lat' dir='ltr'>capi·</span> 
     </span>
     <span class='ocr_line' id='line_1_18' title="bbox 201 2473 1259 2574; baseline 0.005 -30"><span class='ocrx_word' id='word_1_126' title='bbox 201 2473 332 2568; x_wconf 83' lang='lat' dir='ltr'>tula&#39;),</span> <span class='ocrx_word' id='word_1_127' title='bbox 356 2477 420 2546; x_wconf 89' lang='lat' dir='ltr'>toti</span> <span class='ocrx_word' id='word_1_128' title='bbox 443 2500 553 2571; x_wconf 88' lang='lat' dir='ltr'>regno</span> <span class='ocrx_word' id='word_1_129' title='bbox 570 2492 605 2548; x_wconf 93' lang='lat' dir='ltr'>et</span> <span class='ocrx_word' id='word_1_130' title='bbox 618 2478 683 2548; x_wconf 86' lang='lat' dir='ltr'>toti</span> <span class='ocrx_word' id='word_1_131' title='bbox 700 2501 800 2574; x_wconf 81' lang='lat' dir='ltr'>paene</span> <span class='ocrx_word' id='word_1_132' title='bbox 817 2476 897 2548; x_wconf 88' lang='lat' dir='ltr'>orbi</span> <span class='ocrx_word' id='word_1_133' title='bbox 919 2478 1111 2550; x_wconf 88' lang='lat' dir='ltr'>christiano</span> <span class='ocrx_word' id='word_1_134' title='bbox 1128 2480 1259 2551; x_wconf 85' lang='lat' dir='ltr'>lactum</span> 
     </span>
    </p>
   </div>
   <div class='ocr_carea' id='block_1_3' title="bbox 200 2589 1259 2693">
    <p class='ocr_par' dir='ltr' id='par_1_4' title="bbox 200 2589 1259 2693">
     <span class='ocr_line' id='line_1_19' title="bbox 200 2589 1259 2693; baseline 0.008 -33"><span class='ocrx_word' id='word_1_135' title='bbox 200 2605 270 2680; x_wconf 90' lang='lat' dir='ltr'>est,</span> <span class='ocrx_word' id='word_1_136' title='bbox 294 2591 385 2689; x_wconf 90' lang='lat' dir='ltr'>proh</span> <span class='ocrx_word' id='word_1_137' title='bbox 414 2589 541 2662; x_wconf 86' lang='lat' dir='ltr'>dolori</span> <span class='ocrx_word' id='word_1_138' title='bbox 568 2593 820 2690; x_wconf 90' lang='lat' dir='ltr'>conspicuum,</span> <span class='ocrx_word' id='word_1_139' title='bbox 844 2606 879 2664; x_wconf 91' lang='lat' dir='ltr'>et</span> <span class='ocrx_word' id='word_1_140' title='bbox 904 2618 946 2664; x_wconf 85' lang='lat' dir='ltr'>ex</span> <span class='ocrx_word' id='word_1_141' title='bbox 968 2593 1025 2664; x_wconf 83' lang='lat' dir='ltr'>his</span> <span class='ocrx_word' id='word_1_142' title='bbox 1049 2620 1127 2691; x_wconf 80' lang='lat' dir='ltr'>quae</span> <span class='ocrx_word' id='word_1_143' title='bbox 1151 2618 1259 2693; x_wconf 85' lang='lat' dir='ltr'>snpra</span> 
     </span>
    </p>
   </div>
   <div class='ocr_carea' id='block_1_4' title="bbox 200 2832 1259 4124">
    <p class='ocr_par' dir='ltr' id='par_1_5' title="bbox 241 2832 583 2909">
     <span class='ocr_line' id='line_1_20' title="bbox 241 2832 583 2909; baseline 0.003 -23"><span class='ocrx_word' id='word_1_144' title='bbox 241 2832 269 2888; x_wconf 84' lang='lat' dir='ltr'>l.</span> <span class='ocrx_word' id='word_1_145' title='bbox 292 2834 365 2908; x_wconf 79' lang='lat' dir='ltr'>Voy.</span> <span class='ocrx_word' id='word_1_146' title='bbox 386 2843 406 2890; x_wconf 93' lang='lat' dir='ltr'>t.</span> <span class='ocrx_word' id='word_1_147' title='bbox 420 2834 463 2902; x_wconf 91' lang='lat'>11,</span> <span class='ocrx_word' id='word_1_148' title='bbox 486 2852 516 2909; x_wconf 89' lang='lat' dir='ltr'>p.</span> <span class='ocrx_word' id='word_1_149' title='bbox 534 2834 583 2889; x_wconf 89' lang='lat' dir='ltr'>l6.</span> 
     </span>
    </p>

    <p class='ocr_par' dir='ltr' id='par_1_6' title="bbox 200 2924 1259 4124">
     <span class='ocr_line' id='line_1_21' title="bbox 239 2924 1255 3003; baseline 0.003 -22"><span class='ocrx_word' id='word_1_150' title='bbox 239 2927 269 2981; x_wconf 80' lang='lat'>2.</span> <span class='ocrx_word' id='word_1_151' title='bbox 294 2924 374 2982; x_wconf 89' lang='lat' dir='ltr'>Voici</span> <span class='ocrx_word' id='word_1_152' title='bbox 392 2925 463 2983; x_wconf 82' lang='lat' dir='ltr'>(lans</span> <span class='ocrx_word' id='word_1_153' title='bbox 487 2945 531 2984; x_wconf 93' lang='lat' dir='ltr'>ses</span> <span class='ocrx_word' id='word_1_154' title='bbox 552 2944 672 3003; x_wconf 88' lang='lat' dir='ltr'>propres</span> <span class='ocrx_word' id='word_1_155' title='bbox 696 2937 800 2984; x_wconf 88' lang='lat' dir='ltr'>termes</span> <span class='ocrx_word' id='word_1_156' title='bbox 816 2925 845 2984; x_wconf 89' lang='lat' dir='ltr'>la</span> <span class='ocrx_word' id='word_1_157' title='bbox 864 2924 987 2983; x_wconf 80' lang='lat' dir='ltr'>lorinule</span> <span class='ocrx_word' id='word_1_158' title='bbox 1010 2925 1097 2984; x_wconf 89' lang='lat' dir='ltr'>dece</span> <span class='ocrx_word' id='word_1_159' title='bbox 1119 2938 1255 2984; x_wconf 81' lang='lat' dir='ltr'>serment.</span> 
     </span>
     <span class='ocr_line' id='line_1_22' title="bbox 200 3017 1259 3098; baseline 0.002 -22"><span class='ocrx_word' id='word_1_160' title='bbox 200 3022 278 3076; x_wconf 84' lang='lat' dir='ltr'>Nous</span> <span class='ocrx_word' id='word_1_161' title='bbox 297 3017 325 3076; x_wconf 91' lang='lat' dir='ltr'>la</span> <span class='ocrx_word' id='word_1_162' title='bbox 342 3019 430 3078; x_wconf 90' lang='lat' dir='ltr'>tirons</span> <span class='ocrx_word' id='word_1_163' title='bbox 444 3019 531 3079; x_wconf 90' lang='lat' dir='ltr'>d’nne</span> <span class='ocrx_word' id='word_1_164' title='bbox 545 3021 628 3097; x_wconf 84' lang='lat' dir='ltr'>copie</span> <span class='ocrx_word' id='word_1_165' title='bbox 639 3038 697 3096; x_wconf 91' lang='lat' dir='ltr'>que</span> <span class='ocrx_word' id='word_1_166' title='bbox 714 3017 804 3078; x_wconf 91' lang='lat' dir='ltr'>Lonis</span> <span class='ocrx_word' id='word_1_167' title='bbox 822 3021 881 3094; x_wconf 84' lang='lat' dir='ltr'>x1,</span> <span class='ocrx_word' id='word_1_168' title='bbox 897 3018 947 3096; x_wconf 87' lang='lat' dir='ltr'>qni</span> <span class='ocrx_word' id='word_1_169' title='bbox 963 3019 1063 3078; x_wconf 76' lang='lat' dir='ltr'>n&#39;etait</span> <span class='ocrx_word' id='word_1_170' title='bbox 1081 3038 1132 3098; x_wconf 87' lang='lat' dir='ltr'>pas</span> <span class='ocrx_word' id='word_1_171' title='bbox 1147 3039 1212 3078; x_wconf 82' lang='lat' dir='ltr'>sans</span> <span class='ocrx_word' id='word_1_172' title='bbox 1228 3039 1259 3078; x_wconf 90' lang='lat' dir='ltr'>se</span> 
     </span>
     <span class='ocr_line' id='line_1_23' title="bbox 200 3110 1258 3190; baseline 0.004 -22"><span class='ocrx_word' id='word_1_173' title='bbox 200 3110 271 3169; x_wconf 81' lang='lat' dir='ltr'>faire</span> <span class='ocrx_word' id='word_1_174' title='bbox 290 3111 503 3190; x_wconf 86' lang='lat' dir='ltr'>quelques-uns</span> <span class='ocrx_word' id='word_1_175' title='bbox 521 3112 573 3170; x_wconf 89' lang='lat' dir='ltr'>des</span> <span class='ocrx_word' id='word_1_176' title='bbox 593 3111 749 3190; x_wconf 89' lang='lat' dir='ltr'>reproches</span> <span class='ocrx_word' id='word_1_177' title='bbox 769 3131 826 3189; x_wconf 91' lang='lat' dir='ltr'>que</span> <span class='ocrx_word' id='word_1_178' title='bbox 845 3125 928 3169; x_wconf 87' lang='lat' dir='ltr'>notre</span> <span class='ocrx_word' id='word_1_179' title='bbox 944 3124 1048 3170; x_wconf 80' lang='lat' dir='ltr'>auteur</span> <span class='ocrx_word' id='word_1_180' title='bbox 1064 3111 1104 3170; x_wconf 92' lang='lat' dir='ltr'>lui</span> <span class='ocrx_word' id='word_1_181' title='bbox 1124 3111 1258 3186; x_wconf 74' lang='lat' dir='ltr'>adresse,</span> 
     </span>
     <span class='ocr_line' id='line_1_24' title="bbox 200 3204 1259 3285; baseline 0.003 -23"><span class='ocrx_word' id='word_1_182' title='bbox 200 3224 313 3282; x_wconf 86' lang='lat' dir='ltr'>envoya</span> <span class='ocrx_word' id='word_1_183' title='bbox 331 3207 504 3285; x_wconf 85' lang='lat' dir='ltr'>enregistrer</span> <span class='ocrx_word' id='word_1_184' title='bbox 517 3225 553 3264; x_wconf 87' lang='lat' dir='ltr'>au</span> <span class='ocrx_word' id='word_1_185' title='bbox 569 3206 730 3284; x_wconf 88' lang='lat' dir='ltr'>parlement</span> <span class='ocrx_word' id='word_1_186' title='bbox 742 3205 779 3263; x_wconf 89' lang='lat' dir='ltr'>de</span> <span class='ocrx_word' id='word_1_187' title='bbox 793 3206 872 3264; x_wconf 88' lang='lat' dir='ltr'>Paris</span> <span class='ocrx_word' id='word_1_188' title='bbox 886 3204 914 3264; x_wconf 91' lang='lat' dir='ltr'>le</span> <span class='ocrx_word' id='word_1_189' title='bbox 927 3208 965 3263; x_wconf 70' lang='lat'>22</span> <span class='ocrx_word' id='word_1_190' title='bbox 981 3205 1053 3264; x_wconf 85' lang='lat' dir='ltr'>avril</span> <span class='ocrx_word' id='word_1_191' title='bbox 1071 3209 1167 3278; x_wconf 74' lang='lat' dir='ltr'>tt82‚</span> <span class='ocrx_word' id='word_1_192' title='bbox 1182 3207 1259 3267; x_wconf 79' lang='lat' dir='ltr'>drisi-</span> 
     </span>
     <span class='ocr_line' id='line_1_25' title="bbox 200 3296 1259 3372; baseline 0.005 -17"><span class='ocrx_word' id='word_1_193' title='bbox 200 3311 276 3371; x_wconf 89' lang='lat' dir='ltr'>rant‚</span> <span class='ocrx_word' id='word_1_194' title='bbox 294 3296 428 3372; x_wconf 80' lang='lat' dir='ltr'>disan-it,</span> <span class='ocrx_word' id='word_1_195' title='bbox 445 3299 601 3358; x_wconf 85' lang='lat' dir='ltr'>eutretenir</span> <span class='ocrx_word' id='word_1_196' title='bbox 615 3299 656 3357; x_wconf 89' lang='lat' dir='ltr'>les</span> <span class='ocrx_word' id='word_1_197' title='bbox 669 3298 783 3357; x_wconf 89' lang='lat' dir='ltr'>articles</span> <span class='ocrx_word' id='word_1_198' title='bbox 798 3298 880 3357; x_wconf 93' lang='lat' dir='ltr'>dudit</span> <span class='ocrx_word' id='word_1_199' title='bbox 893 3312 1019 3358; x_wconf 84' lang='lat' dir='ltr'>serment</span> <span class='ocrx_word' id='word_1_200' title='bbox 1032 3312 1061 3357; x_wconf 90' lang='lat' dir='ltr'>et</span> <span class='ocrx_word' id='word_1_201' title='bbox 1074 3299 1144 3358; x_wconf 85' lang='lat' dir='ltr'>laire</span> <span class='ocrx_word' id='word_1_202' title='bbox 1155 3300 1259 3372; x_wconf 87' lang='lat' dir='ltr'>justice</span> 
     </span>
     <span class='ocr_line' id='line_1_26' title="bbox 200 3389 1258 3470; baseline 0.007 -25"><span class='ocrx_word' id='word_1_203' title='bbox 200 3391 216 3445; x_wconf 71' lang='lat' dir='ltr'>a</span> <span class='ocrx_word' id='word_1_204' title='bbox 230 3389 341 3448; x_wconf 83' lang='lat' dir='ltr'>chacun</span> <span class='ocrx_word' id='word_1_205' title='bbox 357 3412 364 3448; x_wconf 91' lang='lat'><strong>:</strong></span> <span class='ocrx_word' id='word_1_206' title='bbox 386 3418 398 3443; x_wconf 66' lang='lat' dir='ltr'><em>a</em></span> <span class='ocrx_word' id='word_1_207' title='bbox 413 3395 481 3450; x_wconf 84' lang='lat' dir='ltr'>Haee</span> <span class='ocrx_word' id='word_1_208' title='bbox 500 3391 610 3470; x_wconf 91' lang='lat' dir='ltr'>populo</span> <span class='ocrx_word' id='word_1_209' title='bbox 628 3390 784 3449; x_wconf 80' lang='lat' dir='ltr'>christiano</span> <span class='ocrx_word' id='word_1_210' title='bbox 799 3391 869 3450; x_wconf 91' lang='lat' dir='ltr'>mihi</span> <span class='ocrx_word' id='word_1_211' title='bbox 888 3391 1019 3464; x_wconf 89' lang='lat' dir='ltr'>subdito,</span> <span class='ocrx_word' id='word_1_212' title='bbox 1037 3392 1069 3449; x_wconf 93' lang='lat' dir='ltr'>in</span> <span class='ocrx_word' id='word_1_213' title='bbox 1082 3392 1187 3452; x_wconf 86' lang='lat' dir='ltr'>Christi</span> <span class='ocrx_word' id='word_1_214' title='bbox 1202 3412 1258 3452; x_wconf 89' lang='lat' dir='ltr'>no·</span> 
     </span>
     <span class='ocr_line' id='line_1_27' title="bbox 203 3482 1258 3563; baseline 0.003 -21"><span class='ocrx_word' id='word_1_215' title='bbox 203 3506 217 3535; x_wconf 70' lang='lat' dir='ltr'>t</span> <span class='ocrx_word' id='word_1_216' title='bbox 233 3484 327 3554; x_wconf 82' lang='lat' dir='ltr'>mine,</span> <span class='ocrx_word' id='word_1_217' title='bbox 342 3485 490 3562; x_wconf 88' lang='lat' dir='ltr'>promitto.</span> <span class='ocrx_word' id='word_1_218' title='bbox 508 3484 655 3563; x_wconf 87' lang='lat' dir='ltr'>Imprimis</span> <span class='ocrx_word' id='word_1_219' title='bbox 665 3497 704 3541; x_wconf 68' lang='lat' dir='ltr'>&#39;ut</span> <span class='ocrx_word' id='word_1_220' title='bbox 719 3482 850 3541; x_wconf 78' lang='lat' dir='ltr'>Ecclesiae</span> <span class='ocrx_word' id='word_1_221' title='bbox 864 3485 919 3542; x_wconf 89' lang='lat' dir='ltr'>Dei</span> <span class='ocrx_word' id='word_1_222' title='bbox 935 3485 1028 3543; x_wconf 90' lang='lat' dir='ltr'>omnis</span> <span class='ocrx_word' id='word_1_223' title='bbox 1043 3486 1167 3563; x_wconf 88' lang='lat' dir='ltr'>populus</span> <span class='ocrx_word' id='word_1_224' title='bbox 1182 3486 1258 3546; x_wconf 89' lang='lat' dir='ltr'>chri-</span> 
     </span>
     <span class='ocr_line' id='line_1_28' title="bbox 202 3575 1257 3656; baseline 0.007 -25"><span class='ocrx_word' id='word_1_225' title='bbox 202 3600 216 3629; x_wconf 83' lang='lat'><strong>«</strong></span> <span class='ocrx_word' id='word_1_226' title='bbox 233 3577 342 3635; x_wconf 85' lang='lat' dir='ltr'>stianus</span> <span class='ocrx_word' id='word_1_227' title='bbox 358 3598 456 3635; x_wconf 85' lang='lat' dir='ltr'>veram</span> <span class='ocrx_word' id='word_1_228' title='bbox 470 3596 571 3655; x_wconf 83' lang='lat' dir='ltr'>pacem</span> <span class='ocrx_word' id='word_1_229' title='bbox 584 3589 681 3635; x_wconf 81' lang='lat' dir='ltr'>vestro</span> <span class='ocrx_word' id='word_1_230' title='bbox 695 3575 813 3635; x_wconf 87' lang='lat' dir='ltr'>arbitrio</span> <span class='ocrx_word' id='word_1_231' title='bbox 829 3591 925 3635; x_wconf 84' lang='lat' dir='ltr'>servet</span> <span class='ocrx_word' id='word_1_232' title='bbox 937 3577 1015 3635; x_wconf 89' lang='lat' dir='ltr'>omni</span> <span class='ocrx_word' id='word_1_233' title='bbox 1031 3590 1169 3656; x_wconf 86' lang='lat' dir='ltr'>tempore.</span> <span class='ocrx_word' id='word_1_234' title='bbox 1185 3583 1257 3638; x_wconf 89' lang='lat' dir='ltr'>Item</span> 
     </span>
     <span class='ocr_line' id='line_1_29' title="bbox 203 3664 1257 3750; baseline 0.002 -22"><span class='ocrx_word' id='word_1_235' title='bbox 203 3698 216 3722; x_wconf 74' lang='grc' dir='ltr'>κ</span> <span class='ocrx_word' id='word_1_236' title='bbox 233 3684 264 3728; x_wconf 92' lang='lat' dir='ltr'>ut</span> <span class='ocrx_word' id='word_1_237' title='bbox 278 3689 378 3730; x_wconf 88' lang='lat' dir='ltr'>omnes</span> <span class='ocrx_word' id='word_1_238' title='bbox 398 3664 568 3748; x_wconf 78' lang='lat' dir='ltr'>rapacitates</span> <span class='ocrx_word' id='word_1_239' title='bbox 584 3682 613 3728; x_wconf 87' lang='lat' dir='ltr'>et</span> <span class='ocrx_word' id='word_1_240' title='bbox 630 3670 796 3747; x_wconf 84' lang='lat' dir='ltr'>iniquitates</span> <span class='ocrx_word' id='word_1_241' title='bbox 811 3669 848 3728; x_wconf 88' lang='lat' dir='ltr'>ab</span> <span class='ocrx_word' id='word_1_242' title='bbox 863 3670 997 3729; x_wconf 91' lang='lat' dir='ltr'>omnibns</span> <span class='ocrx_word' id='word_1_243' title='bbox 1014 3671 1151 3750; x_wconf 83' lang='lat' dir='ltr'>gradibus</span> <span class='ocrx_word' id='word_1_244' title='bbox 1167 3672 1257 3730; x_wconf 89' lang='lat' dir='ltr'>inter·</span> 
     </span>
     <span class='ocr_line' id='line_1_30' title="bbox 203 3751 1259 3841; baseline 0.002 -21"><span class='ocrx_word' id='word_1_245' title='bbox 203 3788 216 3813; x_wconf 77' lang='grc' dir='ltr'>ι</span> <span class='ocrx_word' id='word_1_246' title='bbox 234 3762 336 3820; x_wconf 88' lang='lat' dir='ltr'>dicam.</span> <span class='ocrx_word' id='word_1_247' title='bbox 352 3751 424 3821; x_wconf 88' lang='lat' dir='ltr'>Item</span> <span class='ocrx_word' id='word_1_248' title='bbox 443 3776 475 3821; x_wconf 92' lang='lat' dir='ltr'>nt</span> <span class='ocrx_word' id='word_1_249' title='bbox 490 3764 519 3820; x_wconf 93' lang='lat' dir='ltr'>in</span> <span class='ocrx_word' id='word_1_250' title='bbox 536 3760 670 3820; x_wconf 91' lang='lat' dir='ltr'>omnibus</span> <span class='ocrx_word' id='word_1_251' title='bbox 681 3762 797 3834; x_wconf 90' lang='lat' dir='ltr'>judiciis</span> <span class='ocrx_word' id='word_1_252' title='bbox 811 3765 975 3841; x_wconf 72' lang='lat' dir='ltr'>aequitatem</span> <span class='ocrx_word' id='word_1_253' title='bbox 988 3777 1017 3822; x_wconf 89' lang='lat' dir='ltr'>et</span> <span class='ocrx_word' id='word_1_254' title='bbox 1030 3764 1259 3823; x_wconf 86' lang='lat' dir='ltr'>misericordiam</span> 
     </span>
     <span class='ocr_line' id='line_1_31' title="bbox 202 3854 1258 3934; baseline 0.009 -26"><span class='ocrx_word' id='word_1_255' title='bbox 202 3879 216 3908; x_wconf 78' lang='grc' dir='ltr'>ι</span> <span class='ocrx_word' id='word_1_256' title='bbox 233 3855 409 3934; x_wconf 86' lang='lat' dir='ltr'>praecipiam,</span> <span class='ocrx_word' id='word_1_257' title='bbox 427 3870 459 3914; x_wconf 93' lang='lat' dir='ltr'>ut</span> <span class='ocrx_word' id='word_1_258' title='bbox 476 3856 546 3914; x_wconf 91' lang='lat' dir='ltr'>mihi</span> <span class='ocrx_word' id='word_1_259' title='bbox 561 3869 589 3914; x_wconf 90' lang='lat' dir='ltr'>et</span> <span class='ocrx_word' id='word_1_260' title='bbox 602 3854 684 3914; x_wconf 79' lang='lat' dir='ltr'>robis</span> <span class='ocrx_word' id='word_1_261' title='bbox 698 3856 847 3934; x_wconf 83' lang='lat' dir='ltr'>indulgeat</span> <span class='ocrx_word' id='word_1_262' title='bbox 862 3877 943 3915; x_wconf 92' lang='lat' dir='ltr'>suam</span> <span class='ocrx_word' id='word_1_263' title='bbox 957 3857 1182 3916; x_wconf 87' lang='lat' dir='ltr'>misericordiam</span> <span class='ocrx_word' id='word_1_264' title='bbox 1197 3857 1258 3917; x_wconf 86' lang='lat' dir='ltr'>cle-</span> 
     </span>
     <span class='ocr_line' id='line_1_32' title="bbox 203 3948 1257 4025; baseline 0.002 -18"><span class='ocrx_word' id='word_1_265' title='bbox 203 3974 216 4001; x_wconf 80' lang='lat'><strong>«</strong></span> <span class='ocrx_word' id='word_1_266' title='bbox 231 3967 313 4008; x_wconf 90' lang='lat' dir='ltr'>mens</span> <span class='ocrx_word' id='word_1_267' title='bbox 335 3963 364 4008; x_wconf 91' lang='lat' dir='ltr'>et</span> <span class='ocrx_word' id='word_1_268' title='bbox 381 3950 543 4008; x_wconf 87' lang='lat' dir='ltr'>misericors</span> <span class='ocrx_word' id='word_1_269' title='bbox 565 3954 653 4007; x_wconf 86' lang='lat' dir='ltr'>Dens.</span> <span class='ocrx_word' id='word_1_270' title='bbox 680 3953 752 4007; x_wconf 88' lang='lat' dir='ltr'>Item</span> <span class='ocrx_word' id='word_1_271' title='bbox 775 3948 812 4009; x_wconf 86' lang='lat' dir='ltr'>de</span> <span class='ocrx_word' id='word_1_272' title='bbox 828 3950 1029 4025; x_wconf 85' lang='lat' dir='ltr'>jurisdictione</span> <span class='ocrx_word' id='word_1_273' title='bbox 1050 3950 1121 4007; x_wconf 89' lang='lat' dir='ltr'>milri</span> <span class='ocrx_word' id='word_1_274' title='bbox 1142 3949 1257 4009; x_wconf 87' lang='lat' dir='ltr'>subdita</span> 
     </span>
     <span class='ocr_line' id='line_1_33' title="bbox 204 4040 1257 4124; baseline 0.002 -24"><span class='ocrx_word' id='word_1_275' title='bbox 204 4067 216 4093; x_wconf 84' lang='grc' dir='ltr'>ι</span> <span class='ocrx_word' id='word_1_276' title='bbox 234 4043 384 4100; x_wconf 86' lang='lat' dir='ltr'>universos</span> <span class='ocrx_word' id='word_1_277' title='bbox 398 4042 546 4101; x_wconf 73' lang='lat' dir='ltr'>haereticos</span> <span class='ocrx_word' id='word_1_278' title='bbox 558 4043 595 4100; x_wconf 92' lang='lat' dir='ltr'>ab</span> <span class='ocrx_word' id='word_1_279' title='bbox 605 4042 732 4100; x_wconf 81' lang='lat' dir='ltr'>Ecclesia</span> <span class='ocrx_word' id='word_1_280' title='bbox 742 4040 812 4100; x_wconf 85' lang='lat' dir='ltr'>milri</span> <span class='ocrx_word' id='word_1_281' title='bbox 824 4041 975 4102; x_wconf 80' lang='lat' dir='ltr'>denotatos</span> <span class='ocrx_word' id='word_1_282' title='bbox 989 4063 1042 4124; x_wconf 88' lang='lat' dir='ltr'>pro</span> <span class='ocrx_word' id='word_1_283' title='bbox 1056 4041 1167 4101; x_wconf 86' lang='lat' dir='ltr'>viribus</span> <span class='ocrx_word' id='word_1_284' title='bbox 1181 4041 1257 4102; x_wconf 87' lang='lat' dir='ltr'>bona</span> 
     </span>
    </p>
   </div>
   <div class='ocr_carea' id='block_1_5' title="bbox 200 4134 1253 4306">
    <p class='ocr_par' dir='ltr' id='par_1_7' title="bbox 200 4134 1253 4306">
     <span class='ocr_line' id='line_1_34' title="bbox 203 4134 1253 4213; baseline 0.001 -20"><span class='ocrx_word' id='word_1_285' title='bbox 203 4163 215 4185; x_wconf 71' lang='lat' dir='ltr'>u</span> <span class='ocrx_word' id='word_1_286' title='bbox 235 4134 291 4193; x_wconf 86' lang='lat' dir='ltr'>fide</span> <span class='ocrx_word' id='word_1_287' title='bbox 314 4136 505 4194; x_wconf 83' lang='lat' dir='ltr'>exterminare</span> <span class='ocrx_word' id='word_1_288' title='bbox 522 4134 643 4207; x_wconf 86' lang='lat' dir='ltr'>jubebo.</span> <span class='ocrx_word' id='word_1_289' title='bbox 670 4139 737 4193; x_wconf 84' lang='lat' dir='ltr'>Haec</span> <span class='ocrx_word' id='word_1_290' title='bbox 761 4136 926 4213; x_wconf 83' lang='lat' dir='ltr'>supradicta</span> <span class='ocrx_word' id='word_1_291' title='bbox 944 4137 1027 4194; x_wconf 89' lang='lat' dir='ltr'>tirmo</span> <span class='ocrx_word' id='word_1_292' title='bbox 1046 4135 1223 4208; x_wconf 87' lang='lat' dir='ltr'>juramento.</span> <span class='ocrx_word' id='word_1_293' title='bbox 1240 4165 1253 4188; x_wconf 76' lang='grc' dir='ltr'>ι·</span> 
     </span>
     <span class='ocr_line' id='line_1_35' title="bbox 200 4226 1170 4306; baseline 0.006 -23"><span class='ocrx_word' id='word_1_294' title='bbox 200 4226 316 4284; x_wconf 83' lang='lat' dir='ltr'>Recueil</span> <span class='ocrx_word' id='word_1_295' title='bbox 331 4227 464 4305; x_wconf 68' lang='lat' dir='ltr'>legrend</span> <span class='ocrx_word' id='word_1_296' title='bbox 481 4233 559 4300; x_wconf 73' lang='lat' dir='ltr'>(mss.</span> <span class='ocrx_word' id='word_1_297' title='bbox 575 4228 651 4284; x_wconf 87' lang='lat' dir='ltr'>dela</span> <span class='ocrx_word' id='word_1_298' title='bbox 671 4227 744 4285; x_wconf 91' lang='lat' dir='ltr'><strong>Bibl.</strong></span> <span class='ocrx_word' id='word_1_299' title='bbox 760 4229 864 4306; x_wconf 82' lang='lat' dir='ltr'>imp),</span> <span class='ocrx_word' id='word_1_300' title='bbox 881 4242 902 4288; x_wconf 88' lang='lat' dir='ltr'>t.</span> <span class='ocrx_word' id='word_1_301' title='bbox 917 4233 1017 4288; x_wconf 79' lang='lat' dir='ltr'>XXIX</span> <span class='ocrx_word' id='word_1_302' title='bbox 1033 4240 1062 4286; x_wconf 88' lang='lat' dir='ltr'>et</span> <span class='ocrx_word' id='word_1_303' title='bbox 1074 4231 1170 4290; x_wconf 82' lang='lat' dir='ltr'>XXX.</span> 
     </span>
    </p>
   </div>
   <div class='ocr_carea' id='block_1_6' title="bbox 0 0 1478 5070">
    <p class='ocr_par' dir='ltr' id='par_1_8' title="bbox 0 0 1478 5070">
     <span class='ocr_line' id='line_1_36' title="bbox 0 0 1478 5070; baseline 0 1"><span class='ocrx_word' id='word_1_304' title='bbox 0 0 1478 5070; x_wconf 95' lang='lat' dir='ltr'> </span> 
     </span>
    </p>
   </div>
  </div>
 </body>
</html>
