2946 5070
305 490 366 551 ’Β
725 480 935 562 stomata,
957 516 962 525 ·

307 620 455 721 quidem
469 621 652 695 succincto
676 620 849 720 brevique
869 646 1056 714 sermone,
1084 647 1170 697 nam
1189 628 1315 700 multis
1329 630 1373 702 ad

304 738 479 813 christum
492 738 640 813 Domini
656 738 842 811 visendum
859 754 894 810 et
918 741 1049 843 pariter
1070 742 1372 818 consalutandum

303 880 349 931 ex
370 855 478 928 variis
499 852 660 951 undique
683 855 889 951 regionibus
915 854 1198 945 confluentibus,
1219 858 1374 933 difficilis

304 986 342 1048 et
359 995 440 1045 rara
453 970 635 1043 audientia
649 971 810 1070 plurimis
826 970 1069 1070 praestabatur.

358 1090 517 1161 Primum
539 1101 615 1160 erat
633 1103 689 1178 ut,
708 1087 898 1160 calamitati
914 1088 1132 1187 populorum
1145 1091 1257 1162 totius
1274 1096 1373 1188 regni

305 1200 363 1275 aui
376 1202 616 1299 compatiens,
633 1200 715 1296 qui,
735 1200 784 1271 ob
798 1199 871 1271 hoc
885 1201 985 1296 quod
998 1215 1073 1273 tam
1088 1202 1269 1276 diuturnis
1284 1220 1374 1277 tem·

305 1314 457 1417 poribus
470 1317 658 1388 occasione
676 1315 855 1388 bellorum
877 1317 1039 1389 militiam
1059 1319 1165 1390 simul
1187 1333 1223 1390 et
1249 1320 1376 1395 imma·

306 1430 368 1503 nia
393 1430 526 1503 tributa
546 1433 740 1504 tolerarunt
770 1447 804 1504 et
834 1432 953 1505 adhuc
981 1447 1059 1504 tum
1089 1434 1314 1527 tolerabant,
1337 1438 1374 1508 in

306 1544 572 1621 lamentabilem
595 1550 810 1647 paucitatem
834 1565 869 1620 et
891 1564 1086 1622 extremam
1109 1576 1211 1649 paene
1239 1576 1372 1652 paupe

307 1664 414 1755 riem‚
445 1667 665 1737 anteriorum
694 1668 963 1766 comparatione
987 1681 1210 1766 temporum,
1239 1670 1374 1741 redacti

307 1795 421 1871 erant,
437 1805 500 1853 eos
515 1782 663 1878 hujusce
676 1784 888 1878 gravissimis
901 1782 1072 1854 oneribus
1084 1783 1243 1856 relevare
1255 1787 1372 1857 vellet.

356 1897 576 1985 Secundum,
591 1913 631 1969 ut
641 1898 782 1994 justitiae
792 1899 928 1971 cultum
937 1914 974 1971 et
988 1899 1257 1973 observantiam
1269 1918 1376 2000 atque

308 2014 492 2106 ordinem,
516 2029 588 2086 tam
606 2015 643 2084 in
659 2015 836 2112 supremis
858 2040 968 2111 quam
983 2017 1021 2086 in
1038 2016 1117 2088 aliis
1139 2015 1374 2112 quibuscum·

307 2154 379 2226 que
401 2130 508 2200 curiis
524 2145 559 2201 et
580 2129 817 2202 tribunalibus
834 2132 934 2227 regni
951 2132 1025 2222 sui,
1052 2132 1091 2202 in
1109 2132 1243 2229 quibus
1266 2134 1376 2209 ferme

310 2247 480 2319 omnibus
495 2248 621 2346 dilapsi
637 2264 673 2319 et
686 2250 848 2321 exstincti
863 2264 977 2340 erant,
989 2250 1026 2321 in
1044 2251 1231 2322 meliorem
1243 2268 1375 2326 statum

308 2378 344 2434 et
356 2363 509 2436 formam
525 2363 719 2436 reformare
733 2380 840 2462 atque
853 2364 1091 2460 redintegrare
1102 2364 1276 2437 studeret.

359 2481 498 2570 Quibus
507 2481 651 2555 duobus
663 2483 713 2554 sic
727 2483 914 2581 perstricto
930 2506 1095 2554 sermone
1108 2482 1177 2553 sibi
1190 2486 1373 2582 expositis,

308 2598 436 2694 gratias
451 2623 599 2694 magnas
613 2623 651 2670 se
663 2596 770 2671 nobis
783 2597 917 2670 babere
929 2598 1024 2669 illico
1036 2599 1235 2698 respondit.
1254 2599 1376 2674 siebat

308 2740 439 2814 nempe
460 2732 497 2787 et
511 2715 714 2789 affirmabat
729 2739 767 2787 se
782 2715 828 2788 de
841 2715 900 2786 his
914 2714 1021 2786 rebus
1040 2740 1106 2813 per
1128 2740 1197 2787 nos
1211 2741 1375 2789 commo·

309 2833 446 2921 nitum,
472 2856 562 2929 quas
586 2833 815 2930 praecunctis
827 2830 935 2903 rebus
947 2830 1206 2928 temporalibus
1221 2832 1376 2931 amplius

306 2947 479 3046 perficere
502 2962 648 3046 cuperet
674 2962 710 3018 et
733 2946 930 3038 affectaret,
968 2946 1177 3042 nullamque
1201 2972 1283 3019 rem
1309 2949 1374 3020 sibi

306 3088 412 3161 posse
433 3066 565 3158 gratius
581 3062 718 3152 afferri,
736 3086 804 3133 nec
818 3086 898 3158 quae
921 3063 1032 3134 menti
1052 3087 1124 3135 sua
1140 3077 1250 3159 atque
1279 3066 1374 3137 auri·

306 3176 377 3250 bus
390 3178 585 3274 jucundior
608 3193 716 3275 atque
738 3180 882 3250 suarior
909 3179 1076 3249 insonare
1101 3194 1239 3275 posset,
1264 3204 1374 3276 quam

307 3291 371 3363 ubi
393 3292 439 3363 de
454 3290 597 3363 duabus
615 3291 864 3386 hujuscemodi
885 3291 992 3363 rebus
1012 3292 1196 3389 patrandis
1211 3310 1247 3364 et
1272 3295 1375 3393 perfi-

306 3408 443 3478 ciendis
467 3407 717 3480 adhortaretur
740 3423 847 3503 atque
869 3422 1176 3497 commoneretur,
1208 3409 1373 3483 videlicet

307 3522 354 3597 de
387 3525 580 3597 relevando
605 3526 782 3623 populum
813 3526 914 3620 regni
947 3526 1001 3595 sui
1034 3539 1222 3622 totumque
1256 3528 1374 3625 ipsum

307 3664 459 3736 regnunt
475 3640 523 3712 ab
539 3641 607 3712 illis
625 3639 884 3711 miserabilibus
897 3642 1064 3712 arumnis
1081 3656 1117 3712 et
1132 3645 1375 3740 oppressioni·

307 3756 376 3831 bus·
392 3758 524 3829 rnilitiae
537 3772 572 3829 et
582 3756 819 3841 tributorum,
834 3772 1114 3852 caterommque
1125 3761 1375 3851 gravaminum

306 3891 341 3948 et
360 3874 675 3947 irrmmmodomm
690 3897 770 3969 qua
785 3872 870 3943 inde
885 3872 1021 3943 oboriri
1040 3872 1175 3955 solent,
1193 3890 1229 3945 et
1248 3876 1288 3945 in
1311 3902 1375 3949 an-

306 3992 423 4089 tiquas
451 3993 622 4088 gltrriam.
657 3989 836 4061 libertates
865 4004 973 4084 atque
1003 3990 1226 4087 opulentiam
1255 3992 1374 4090 ipsum

307 4107 525 4180 restituendo
551 4123 658 4202 atque
682 4104 932 4182 immutando.
959 4129 1002 4176 ac
1026 4104 1073 4175 de
1096 4105 1223 4178 debito
1244 4109 1375 4182 ordine

306 4222 425 4321 legum
439 4238 475 4295 et
486 4224 629 4321 jenone
646 4220 998 4319 immutanqoe
1012 4220 1262 4297 ntormndo.
1278 4225 1375 4299 flete·
