2946 5070
221 480 279 538 ¹⁶2
481 475 752 545 mmmmm
770 476 950 536 mnovtct
968 477 1012 534 11

931 596 949 637 ο

564 775 819 845 cernundi!
849 776 941 844 vm.

218 989 257 1041 De
273 981 386 1040 civitatis
397 978 544 1045 deditione,
556 993 583 1035 et
599 981 717 1036 auctoris
730 983 917 1052 nantium
936 998 970 1038 ιο
988 981 1024 1038 de
1043 983 1121 1040 obit·
1138 984 1278 1055 ludovici,

611 1067 778 1122 Francorum
789 1068 861 1143 regis·
870 1069 893 1126 ¹.

270 1270 484 1345 Adventarat
503 1282 590 1343 tunc
610 1294 653 1341 er
675 1270 831 1365 dustria,
852 1270 899 1343 ad
923 1272 1127 1372 principem
1149 1298 1173 1347 a
1191 1291 1286 1375 patre

223 1415 289 1463 suo
300 1390 449 1486 legatus,
468 1412 563 1461 unus
576 1385 790 1460 venerabilis
802 1388 980 1488 prelatus,
1001 1391 1288 1494 archiepiscopus

220 1506 470 1603 strigoniensis
488 1505 525 1578 in
549 1531 660 1602 regno
681 1506 878 1603 ‘Hungariae
900 1521 936 1579 et
957 1533 1041 1581 oum
1059 1508 1132 1582 hoc
1156 1511 1194 1582 in
1220 1511 1290 1601 Aie-

220 1627 367 1700 mannia
380 1625 488 1698 etiam
500 1609 790 1726 archiepiscopus
802 1623 1096 1722 Salsburgensis¹.
1109 1627 1196 1718 Qui,
1211 1653 1291 1701 cum

220 1760 346 1843 rogatu
363 1743 568 1842 legatorum
587 1743 737 1823 civitatis
752 1744 851 1842 pacis
867 1768 904 1816 se
921 1743 1116 1844 sponderet
1135 1743 1292 1819 futurum

221 1862 479 1956 mediatorem,
504 1873 603 1934 certo
629 1858 697 1932 sibi
719 1858 916 1933 honorario
940 1863 1178 1960 expromisso,
1198 1862 1291 1963 apud

223 1979 539 2054 clementissimum
555 1992 591 2049 et
605 1976 902 2074 benignissimum
916 1980 1120 2079 principem
1138 2007 1217 2056 non
1231 1981 1293 2055 dii·

224 2096 363 2170 ficulter
384 2121 513 2196 pacem
537 2095 671 2168 civitati
687 2096 792 2168 oertis
808 2094 947 2192 legibus
965 2096 1173 2195 impetravit
1191 2115 1293 2199 atque

223 2209 400 2305 obtinuit3
417 2211 484 2284 sub
501 2210 631 2312 quibus
647 2212 756 2304 cives,
770 2236 854 2283 cum
866 2210 957 2284 nihil
973 2212 1068 2289 ultra
1085 2212 1220 2287 virium
1231 2214 1292 2288 ha·

229 2328 370 2421 herent,
386 2328 448 2401 sed
466 2328 559 2400 same
575 2344 682 2428 atque
700 2327 820 2401 inedia
834 2319 1011 2425 variisque
1031 2320 1188 2417 coniecti
1203 2357 1296 2406 mor·

223 2444 281 2517 bis
296 2446 521 2541 languerent,
540 2446 762 2518 deditionem
779 2445 967 2518 fecerunt⁸.

275 2552 426 2636 Duravit
442 2577 562 2636 autem
576 2562 718 2636 obsidio
731 2564 918 2662 pardtdum
931 2565 1023 2637 ultra
1035 2565 1131 2639 duos
1143 2592 1294 2661 memet,

227 2697 263 2758 et
289 2680 382 2756 iacta
413 2695 465 2753 est
493 2681 604 2779 ipsius
632 2682 782 2754 civitatis
810 2682 947 2757 deditio
973 2684 1159 2761 dominica
1185 2689 1296 2787 prima

229 2792 361 2864 mensis
374 2788 599 2889 septembris,
612 2813 691 2888 quae
708 2805 796 2864 tunc
811 2807 886 2864 erat
900 2793 1060 2890 ejusdem
1075 2797 1211 2868 mensis
1226 2797 1296 2871 dio

230 2912 409 3011 septima&
430 2913 474 2979 Et
487 2909 674 3006 quoniam,
694 2910 748 2994 uti
758 2909 927 3005 diximus,
946 2911 1106 3009 pontifex
1121 2915 1296 3013 piissimus

231 3027 269 3099 in
295 3026 432 3126 oppido
465 3025 711 3097 Amersiordiae
738 3028 898 3125 captivus
924 3028 1146 3124 servabatur,
1179 3030 1297 3130 paucis

233 3160 314 3242 post
329 3145 406 3215 haec
419 3144 572 3215 emensis
588 3142 727 3234 diebus,
747 3143 838 3216 facta
856 3145 981 3245 oppidi
996 3145 1182 3221 deditione
1198 3149 1299 3223 certis

232 3259 383 3355 legibus,
402 3260 499 3334 idem
514 3260 683 3359 pontifex·
697 3259 856 3357 plenarie
873 3287 945 3336 suae
965 3261 1128 3338 redditus
1143 3288 1188 3337 ao
1203 3265 1298 3338 resti·

277 3504 307 3561 1.
329 3500 464 3580 chapitre
481 3498 616 3580 imprime
638 3499 710 3559 dans
726 3496 768 3559 les
792 3502 940 3560 Analecta'
955 3497 991 3561 de
1012 3501 1164 3565 Matthaeus
1187 3517 1216 3565 et
1232 3500 1298 3567 dans

235 3595 591 3674 i’Amplissimacollectio.
1104 3614 1106 3618 ·

279 3693 309 3750 2.
333 3689 482 3763 nemard,
505 3691 688 3768 orchereque
708 3690 745 3749 de
762 3691 904 3770 Stngonie
925 3703 954 3750 et
976 3693 1012 3752 de
1030 3692 1206 3778 Salzbourg,
1229 3696 1299 3757 alon

238 3785 347 3864 resugie
369 3786 474 3862 auprds
496 3783 532 3842 de
548 3785 732 3864 l'empereur.

281 3882 311 3939 3.
333 3882 387 3936 Les
400 3877 517 3936 articles·
527 3877 563 3936 de
575 3878 604 3938 la
618 3878 804 3958 capitulation
816 3888 882 3939 sont
901 3879 973 3940 dans
985 3883 1104 3944 Molinet
1112 3929 1122 3960 ,
1147 3884 1197 3950 ch.
1212 3906 1294 3948 xem.

281 3975 310 4031 t.
334 3972 430 4031 L'acte
451 3973 586 4052 rapporte
607 3994 661 4055 par
680 3972 800 4033 Molinet
817 3987 861 4035 est
874 3987 941 4035 sans
957 3976 1038 4053 date3
1052 3978 1125 4040 mais
1138 3974 1296 4052 Mettium,

240 4066 289 4145 qui
303 4087 339 4125 en
354 4066 432 4126 avait
444 4088 484 4126 sn
496 4066 650 4148 I’originah
661 4066 704 4128 dit
715 4066 786 4148 qn'ii
799 4066 867 4129 ttait
877 4069 943 4130 date
953 4072 992 4132 du
1007 4076 1025 4134 3
1039 4073 1205 4156 septembre
1215 4077 1295 4135 itta.

239 4167 280 4220 La
296 4162 362 4221 date
376 4160 416 4220 du
431 4168 447 4220 7
464 4183 494 4222 se
507 4177 643 4243 rapporte
652 4183 720 4225 sans
728 4163 818 4225 doute
831 4169 848 4225 i
862 4167 981 4228 l'entree
994 4171 1031 4230 de
1044 4171 1221 4232 Maximiiien
1235 4169 1297 4231 dms

223 4253 267 4314 da
283 4254 362 4319 ville.
