2946 5070
591 516 701 582 amm
721 518 872 585 amaus.
1203 518 1263 586 288

200 654 292 726 latus
318 653 497 726 honorem
528 651 712 727 sublimari
744 657 982 753 procuravit¹.
1024 660 1113 729 Euan
1143 659 1263 754 igitur,

200 794 268 869 pro
279 794 324 843 eo
338 770 438 867 quod
457 785 557 843 tauta
572 769 669 868 apud
686 792 805 867 regem
824 787 860 843 et
872 784 1049 871 potestate
1069 787 1105 845 et
1121 773 1267 848 familia·

200 885 301 958 ritate
317 886 506 984 potiretur,
531 885 682 958 consilio
707 888 907 959 amicorum
931 901 974 960 ut
999 910 1068 987 pro
1095 889 1264 963 interces-

200 1025 279 1072 sore
303 1014 412 1097 atque
435 999 632 1074 mediatore
652 1024 837 1100 possemus
858 1002 1065 1100 acquirere,
1091 1003 1173 1076 licet
1200 1025 1267 1078 nec

199 1117 394 1190 litteratura
418 1142 486 1189 nec
501 1117 662 1190 honestis
680 1118 763 1190 satis
776 1117 940 1190 moribus
960 1117 1057 1217 apud
1081 1140 1187 1191 veros
1211 1138 1267 1192 ro·

199 1259 280 1307 rum
296 1237 526 1308 aestimatores
539 1235 688 1332 alicujus
698 1236 907 1336 praestanriae
919 1234 1129 1331 haberetur,
1147 1252 1266 1310 tamen

168 1399 172 1412 ‚
200 1376 268 1448 pro
285 1352 438 1434 instante
465 1352 672 1424 necessitate
693 1366 729 1423 et
753 1353 871 1424 colere
893 1352 1145 1426 etobservare
1162 1375 1266 1427 cura·

200 1466 342 1538 vimus:
362 1468 576 1539 estimantes
602 1468 653 1560 si,
681 1467 990 1565 quemadmodum
1016 1492 1053 1540 se
1075 1469 1269 1567 recipiebat

199 1582 397 1676 iacturum,
423 1584 563 1656 sincero
589 1584 699 1657 corde
719 1599 755 1655 et
776 1598 875 1657 recta
901 1585 1090 1658 allectione
1119 1609 1268 1685 operam

199 1698 286 1771 dare
310 1700 435 1792 vellet,
454 1699 556 1797 quod
568 1700 747 1796 regalibus
761 1700 831 1773 illis
852 1700 911 1797 (de
930 1700 1062 1799 quibus
1082 1702 1159 1798 jam
1176 1725 1268 1802 saepe

202 1839 225 1886 a
241 1813 347 1886 nobis
363 1816 515 1888 relatum
528 1817 595 1913 est)
609 1815 869 1890 abolitionibus
886 1831 922 1888 et
937 1817 1167 1915 indulgentiis
1183 1838 1269 1915 gau·
1395 1816 1398 1821 ’

200 1928 285 2001 dere
301 1931 405 2004 nobis
421 1932 523 2005 facile
538 1934 679 2023 liceret,
698 1957 852 2031 quarum
867 1933 1045 2006 beneficio
1067 1934 1144 2007 freti
1163 1950 1269 2034 atque

201 2048 349 2120 animati
364 2048 411 2120 ad
429 2051 579 2146 gratiam
596 2063 632 2122 et
650 2041 894 2123 obedientiam
908 2051 999 2146 regis
1015 2049 1191 2123 redeundi
1208 2075 1271 2126 au·

200 2187 280 2234 sum
292 2178 330 2235 et
341 2146 567 2261 propositum
585 2187 861 2263 sumpseramus.
879 2167 1083 2256 nonenim,
1100 2166 1271 2241 utaieba·

200 2304 301 2370 mus,
322 2279 368 2352 de
390 2282 546 2379 propriis
569 2296 823 2380 praesumentes
848 2282 1000 2375 meritis,
1027 2306 1145 2380 neque
1163 2306 1271 2383 super

201 2396 251 2467 eis
269 2396 499 2494 disceptaturi
513 2397 570 2469 vel
587 2397 683 2496 apud
701 2420 821 2494 regem
837 2421 905 2469 nos
925 2397 1169 2496 justificatam,
1190 2401 1272 2472 licet

202 2513 333 2585 nullius
359 2538 505 2612 prorsus
527 2515 661 2587 conscii
687 2516 846 2587 criminis
868 2537 1042 2608 mutus,
1068 2515 1270 2589 revertendi

201 2629 390 2702 consilium
418 2646 688 2730 acceperamus,
714 2631 776 2703 sed
803 2630 849 2703 de
876 2630 954 2704 sola
980 2630 1071 2727 regis
1097 2633 1214 2727 gratia·
1237 2646 1273 2705 et

201 2746 390 2820 clementia
405 2746 548 2840 confisi,
577 2769 688 2843 quam
705 2768 792 2819 sane
808 2762 883 2820 tam
903 2749 1085 2845 amplam,
1118 2761 1193 2820 mm
1215 2768 1273 2822 ex·

202 2887 382 2961 pressam,
402 2878 477 2936 tam
492 2863 627 2959 largam
641 2876 748 2960 atque
767 2862 969 2958 generalem
985 2861 1144 2936 edixerat
1163 2878 1199 2934 et
1214 2886 1272 2937 so·

202 2978 366 3052 lemniter
380 2977 555 3078 publicar-i
573 2978 708 3077 ubique
727 3003 793 3078 per
812 2985 929 3050 totum
948 3000 1100 3074 regnum
1117 2978 1269 3070 fecerat,

203 3109 244 3167 ut
253 3093 692 3193 aucipitiiveldilsrdentiae
698 3116 761 3167 seu
774 3093 960 3166 baesitandi
970 3095 1119 3184 nemini,
1134 3090 1274 3193 quomi-

203 3237 272 3284 nus
284 3211 420 3285 adeam
432 3209 656 3283 confidenter
668 3212 887 3308 confugeret,
899 3211 1001 3283 locus
1014 3211 1157 3284 relictus
1168 3212 1273 3285 luisse

206 3327 398 3399 videretur.¹
415 3327 520 3400 Unde
532 3326 714 3398 humiliter
732 3327 848 3398 solum
862 3327 950 3399 illud
967 3327 1271 3426 supplicabamus,

205 3458 246 3516 ut
266 3443 394 3517 eadem
412 3444 633 3540 indulgentia
654 3445 762 3542 potiri
777 3445 873 3540 regia
888 3443 1077 3518 clementia
1097 3468 1165 3519 nos
1184 3468 1275 3545 per-

206 3563 344 3635 mittere
361 3561 578 3657 dignaretur,
596 3575 632 3632 et
650 3562 802 3634 tolerare
819 3586 887 3633 nos
902 3563 1092 3660 tranquille
1108 3576 1145 3634 et
1155 3564 1274 3660 quiete

206 3680 242 3750 in
261 3678 410 3750 ecclesia
426 3692 547 3750 nostra
562 3676 738 3766 residere,
757 3693 864 3775 atque
888 3678 1056 3750 eidemin
1075 3678 1204 3751 Christi
1221 3677 1275 3750 lb-

205 3794 343 3867 mulatu
356 3796 456 3892 juxta
472 3795 669 3868 vocationis
686 3809 814 3866 nostrae
837 3793 999 3867 debitum
1018 3795 1161 3868 servire.

245 4000 277 4057 1.
299 3999 421 4057 Nomine
435 3999 547 4075 eroque
561 3991 707 4056 d'Evreux
720 3997 748 4055 le
762 4001 779 4055 l
796 3998 903 4055 sevrier
916 4002 1007 4071 1165,
1022 3998 1112 4056 Balue
1125 3999 1169 4055 sut
1181 4009 1274 4058 mans

206 4096 266 4154 lere
285 4117 321 4155 au
341 4097 417 4176 siege
435 4096 575 4175 d’Angers
591 4116 645 4175 par
659 4095 753 4154 bulles
766 4096 807 4155 du
822 4096 945 4170 ljuillet
960 4100 1051 4156 1167.
1074 4096 1144 4155 Voir
1162 4116 1196 4156 ce
1217 4117 1276 4176 que

205 4191 329 4250 l'antenr
347 4208 365 4250 a
387 4191 452 4266 ddja
472 4189 515 4250 dit
534 4190 573 4248 de
589 4191 629 4249 lui
643 4190 716 4249 daus
733 4208 786 4249 son
803 4194 928 4250 Hastam
941 4193 979 4248 de
997 4192 1083 4250 Iouis
1099 4191 1165 4285 XI,
1189 4206 1210 4255 ι.
1226 4194 1273 4266 11,

207 4303 237 4361 p.
255 4285 440 4361 laterata,
455 4295 485 4343 ct
497 4283 653 4356 ei-dessus,
667 4302 698 4363 p.
716 4285 785 4343 113.
