2946 5070
604 496 713 552 LIBER
738 496 888 555 SEXTUS.
1246 500 1263 554 3

199 625 309 698 bonis
324 626 396 699 suis
412 626 468 698 rel
489 628 626 722 magnis
652 628 885 725 pecuniarum
916 629 1063 700 summis
1081 630 1260 723 mulctati,

199 743 321 842 plures
350 742 457 814 etiam
473 742 587 841 capite
599 742 712 841 plexi,
731 744 788 816 vel
803 744 889 816 alias
905 745 1021 843 puniti
1040 746 1259 819 exstiterunt.

200 856 341 946 Quibus
356 858 522 956 periculis
538 859 779 957 quamplures,
807 858 972 932 nondum
992 863 1261 959 comprehensi,

199 976 358 1047 exterriti
375 976 592 1048 etcautiores
613 974 745 1069 effecti,
763 1000 838 1049 sese
864 977 975 1048 furori
991 976 1152 1076 plebium
1180 978 1264 1051 sub·

199 1091 399 1180 trahentes,
425 1093 569 1190 mutatis
598 1091 757 1185 sedibus,
790 1092 837 1165 ad
865 1094 933 1165 alia
964 1093 1045 1167 loca
1071 1096 1203 1170 tutiora
1229 1120 1266 1167 se

200 1207 444 1300 contulerunt,
462 1222 673 1307 tempusque
688 1209 761 1281 illic
777 1211 1014 1308 opportunius
1030 1211 1267 1311 opperieban-

200 1338 273 1416 tur,
283 1349 358 1421 quo
369 1326 566 1423 pacatiores
581 1325 712 1399 ellectu
725 1325 848 1424 plebes
864 1351 886 1399 a
901 1326 1112 1401 tumultibus
1127 1344 1163 1402 et
1179 1328 1268 1401 sedi·

199 1442 362 1516 tionibus
375 1443 594 1516 sedarentur.

252 1560 439 1632 lnchoavit
464 1575 583 1632 autem
594 1559 776 1658 potissime
799 1574 836 1632 et
850 1560 954 1633 valde
969 1559 1133 1632 efferbuit
1146 1561 1268 1658 hujus·

202 1674 304 1747 modi
312 1675 494 1773 popularis
508 1675 605 1746 furor
614 1689 720 1772 atque
735 1677 866 1748 saevitia
876 1677 912 1747 in
923 1676 1059 1775 oppido
1069 1674 1262 1748 Gandensi.

201 1794 286 1879 Quo
302 1791 384 1863 loco
407 1790 452 1862 de
477 1791 646 1864 omnihus
668 1791 740 1863 sere
758 1792 860 1863 terris
881 1806 989 1887 atque
1004 1790 1169 1892 oppidis,
1188 1818 1266 1890 quae

202 1907 364 1981 defuncti
379 1908 496 1980 Caroli
521 1907 623 1980 ducis
650 1907 795 1980 ditionis
808 1907 966 1999 fuerant,
990 1908 1166 1979 maximus
1182 1910 1271 1981 cele·

202 2023 328 2096 bratus
346 2040 399 2097 est
427 2040 652 2114 conventus,
672 2026 709 2095 in
737 2025 901 2123 proxima
926 2023 1059 2097 scilicet
1074 2023 1270 2122 quadrage·

202 2140 293 2213 sima
315 2155 505 2241 postquam
535 2141 630 2213 idern
655 2139 803 2212 Carolus
831 2164 872 2213 ex
894 2140 966 2213 hoc
997 2139 1126 2212 saeculo
1154 2155 1266 2212 trans·

202 2255 292 2328 ierat
304 2259 326 2326 ¹.

253 2375 344 2443 Cum
385 2396 470 2445 vero
507 2372 578 2444 illic
617 2371 845 2444 inchoassent
889 2371 1012 2468 agitari
1050 2371 1269 2470 populorum

204 2487 396 2561 seditiones
419 2503 524 2586 atque
547 2489 698 2581 civium,
729 2488 898 2561 adversus
923 2512 986 2559 eos
1012 2487 1165 2559 maxime
1185 2489 1265 2585 qui,

204 2606 260 2677 vel
271 2602 416 2677 'tributis
431 2588 620 2705 principis,
632 2606 688 2677 vel
702 2606 810 2703 ipsius
827 2605 951 2704 oppidi
962 2603 1123 2676 levandis
1139 2616 1176 2676 et
1192 2603 1268 2675 col·

204 2720 355 2818 ligendis
384 2721 625 2819 praefuissent,
655 2720 757 2792 facile
782 2744 921 2818 serpere
951 2719 998 2792 ad
1024 2719 1163 2816 aliaque
1193 2744 1268 2792 sese

205 2836 342 2936 oppida
354 2835 537 2908 effundere
552 2833 801 2933 hujuscemodi
823 2833 1039 2924 seditionum
1056 2834 1191 2905 malurn
1205 2858 1269 2931 po-

205 2955 285 3026 tuit.
310 2952 517 3051 Exemplum
528 2953 625 3023 enim
639 2975 660 3022 a
677 2950 851 3023 Gandavo
861 2965 1047 3048 acceptum
1057 3006 1067 3042 ,
1078 2965 1114 3021 et
1127 2951 1266 3051 Brugis,

205 3085 240 3143 et
253 3070 440 3159 Bruxellae,
455 3084 491 3141 et
505 3069 699 3166 Antverpiae
716 3069 864 3164 aliisque
879 3067 1135 3166 plurimislocis
1150 3069 1268 3140 statim

204 3204 367 3261 secutum
384 3188 467 3280 suit,
485 3186 684 3283 similesque
701 3200 820 3257 motus
844 3186 968 3280 agitari
985 3197 1181 3283 coepenmt.
1197 3178 1279 3256 Nec'

206 3303 256 3376 ob
275 3304 509 3376 reverentiam
528 3300 609 3373 filiae
629 3302 742 3372 unicae
765 3299 900 3399 prefati
928 3300 1042 3372 Caroli
1068 3299 1201 3392 ducis⁸,
1222 3299 1269 3371 ad

205 3445 316 3519 quam
348 3435 523 3492 terrarum
558 3416 760 3488 dominium
792 3442 835 3488 ex
865 3431 1013 3514 paterna
1046 3415 1269 3488 successione

206 3537 416 3610 devolutum
449 3550 546 3630 erat,
564 3535 762 3635 quidquam
786 3535 904 3607 minus
932 3559 1044 3632 usque
1070 3532 1267 3628 iaciebant,

206 3679 274 3727 nec
289 3654 337 3727 ab
362 3654 496 3727 eisdem'
512 3676 550 3724 sc
570 3650 781 3724 tumultibus
806 3666 842 3723 et
863 3649 1098 3723 seditionibus
1125 3648 1271 3723 cohibe·

207 3768 295 3844 bant
304 3772 400 3867 (licet
414 3771 521 3842 etiam
535 3769 611 3866 ipsa
629 3793 782 3866 praesens
794 3758 974 3841 exsisteret
986 3766 1170 3860 Gandavi,
1186 3791 1270 3838 cum

207 3888 294 3964 tales
310 3900 428 3959 motus
438 3884 648 3981 agebantur)
659 3912 668 3972 ;
681 3884 764 3976 sed,
778 3884 887 3957 veluti
895 3884 1047 3974 vinculis
1054 3898 1160 3982 atque
1171 3906 1270 3955 com·

249 4168 279 4223 l.
302 4166 356 4224 Ces
369 4154 446 4223 rurs
462 4182 493 4220 sc
506 4161 654 4220 reunirent
667 4179 704 4219 au
719 4158 791 4217 mois
806 4157 842 4215 de
856 4177 931 4215 mars
946 4158 1036 4218 tttt.

249 4262 280 4322 2.
302 4257 394 4317 stane
405 4256 442 4316 de
454 4258 635 4335 aomgogne.
