2946 5070
104 559 106 563 -
205 524 259 579 ma
473 524 729 581 msronnnun
751 520 929 597 tunoncr
949 527 990 582 xt

200 657 306 753 igitur
330 670 375 727 et
392 653 588 752 squalentia
618 679 702 728 ama
724 655 905 753 ligonibus
937 659 1093 730 exerceri
1117 672 1154 730 et
1181 658 1263 731 laetis

201 772 361 869 frugibus
393 771 532 864 vestiri,
561 773 777 845 commercia
806 798 949 871 quoque
979 788 1074 847 terra
1104 776 1263 872 marique

200 891 292 961 inter
319 903 488 984 utrosque
517 888 671 985 populos
697 888 910 984 frequentari
937 889 1058 962 videre
1085 906 1183 983 erat,
1208 906 1261 984 et,

200 1003 319 1077 oblitis
333 1019 439 1101 atque
453 1003 622 1076 obsoletis
634 1004 792 1077 infaustae
806 1004 993 1078 discordiae
1008 1006 1161 1104 injuriis,
1176 1008 1265 1080 inter

199 1147 274 1194 sese
303 1136 517 1194 mercatores
537 1135 572 1192 et
594 1122 683 1193 alios
710 1123 865 1195 incolas¹
881 1123 1068 1197 ambarum
1093 1124 1264 1198 obedieu-

199 1240 329 1310 tiarum
345 1237 420 1309 dies
438 1238 544 1311 festos
560 1252 666 1336 atque
680 1238 779 1310 laetos
795 1262 898 1334 agere
911 1265 994 1313 cum
1008 1264 1140 1337 magna
1155 1241 1265 1313 animi

199 1353 392 1426 alacritate.
896 1356 898 1361 ’

248 1467 435 1567 implendo
451 1464 535 1539 vero
553 1470 727 1565 promissa
742 1494 854 1561 nova,
868 1494 1018 1568 sponsa,
1038 1496 1117 1568 quae
1134 1473 1265 1546 soedere

199 1587 376 1683 conjugali
394 1583 542 1674 delfino,
564 1587 656 1683 regis
671 1584 759 1677 ftlio,
785 1587 989 1687 copulanda
1009 1586 1140 1680 suerat,
1158 1605 1265 1662 trans·

197 1719 276 1776 acta
301 1705 437 1793 hicme,
467 1728 588 1775 mense
619 1704 747 1794 maio¹,
778 1706 955 1802 deputatis
980 1729 1104 1804 arege
1129 1709 1262 1806 legatis,

198 1822 331 1894 sociata
356 1831 485 1920 magna
510 1830 699 1919 procerum
724 1820 955 1894 dominarum
969 1837 1128 1912 caterva,
1149 1826 1188 1895 in
1204 1851 1265 1924 op-

199 1937 286 2036 pido
304 1934 484 2009 Hesdinclr
513 1935 661 2009 liberata
692 1952 743 2009 est
772 1952 808 2009 et
832 1938 980 2023 tradita;
1015 1939 1077 2035 qui
1108 1954 1190 2012 eam
1219 1941 1264 2012 ad

199 2078 318 2149 regem
336 2076 512 2150 suumque
529 2074 701 2151 sponsum
722 2052 890 2125 eumdem
906 2050 1080 2124 delfinum
1094 2054 1265 2153 perduxe-

199 2182 296 2239 runt.
327 2173 408 2240 Erat
438 2167 535 2240 euim
557 2167 689 2239 tenella
709 2169 806 2241 velut
832 2169 1058 2264 virguncula,
1086 2195 1264 2243 annorum

199 2284 363 2355 videlicet
390 2283 530 2357 circiter
551 2284 677 2371 trium,
705 2307 784 2379 quae
803 2284 932 2356 hiemis
954 2286 1182 2384 asperitatem
1206 2289 1265 2358 mi-

200 2400 297 2470 nime
318 2399 473 2498 perferre
494 2399 685 2496 potuisset3
706 2415 741 2470 et
756 2415 945 2499 propterea
966 2402 1112 2474 vernale
1127 2417 1266 2501 tempus

200 2531 235 2586 et
247 2515 323 2612 jam
338 2540 451 2614 prope
467 2515 626 2586 aestivurn
637 2516 915 2613 exspectandum
936 2517 1018 2606 luit,
1035 2527 1084 2590 'ne
1098 2519 1137 2588 in
1150 2520 1266 2591 tradu-

200 2630 318 2703 cendo
331 2656 410 2704 eam
424 2630 491 2721 ,ab
508 2631 736 2704 inclementia
749 2634 921 2731 temporis
933 2633 1130 2707 laederetur.

249 2747 566 2836 Quemadmodum
583 2772 668 2819 vero
685 2748 881 2820 Galliarum
889 2750 1056 2848 populos,
1072 2751 1265 2849 prohujus·

202 2865 344 2937 cemodi
359 2866 447 2936 inito
464 2863 595 2936 loedere
611 2864 724 2962 pacis,
751 2865 801 2936 uti
819 2852 985 2954 diximus,
1009 2866 1138 2962 ingens
1154 2869 1264 2940 exsul·

201 2983 288 3057 tatio
315 2997 351 3055 et
380 2983 498 3054 laetitia
527 2980 665 3071 affecit,
699 2982 748 3061 ita
780 2982 908 3078 Angtiae
939 2994 1081 3079 gentem
1114 2986 1265 3084 proinde

203 3099 353 3170 fremere
367 3122 409 3170 ac
426 3097 607 3170 tabescere
622 3095 812 3170 serebatur.
847 3100 938 3169 Cum
959 3098 1057 3171 enim
1067 3100 1199 3197 jugiter
1221 3101 1265 3173 ad

203 3215 448 3288 invadendum
486 3231 546 3305 et,
582 3215 611 3286 si
644 3230 808 3313 possent,
844 3214 1082 3311 subigendum
1119 3243 1265 3316 regnum

203 3338 422 3406 Francorum
447 3331 604 3420 inhient,
629 3330 675 3402 ad
701 3331 801 3428 quod
819 3345 859 3401 ut
873 3332 1101 3429 perveniant,
1122 3335 1199 3406 nisi¹
1206 3358 1266 3432 per

204 3448 365 3520 medium
381 3449 631 3520 intestinarum
651 3445 868 3518 seditionum
884 3463 919 3520 et
934 3445 1196 3522 discordiamm
1218 3451 1265 3520 in·

204 3579 258 3636 ter
275 3566 454 3663 principes
479 3565 596 3660 regni,
613 3587 713 3661 paene
732 3561 951 3661 impossibile
973 3564 1131 3655 exsistat,
1152 3565 1265 3636 nullus

205 3680 326 3751 mirari
351 3679 458 3752 debet
478 3680 507 3751 si
526 3679 730 3777 principum
751 3702 878 3776 pacem
904 3693 1010 3778 atque
1036 3682 1264 3754 concordiam

204 3819 294 3890 aegre
317 3795 461 3868 videant
479 3811 515 3867 et
530 3794 768 3893 conspiciant,
786 3820 864 3890 quae
882 3796 1128 3868 nanciscendae
1148 3798 1264 3870 Galliae

205 3898 304 4007 regni
328 3911 563 4010 possessioni,
598 3911 759 3982 multum}
777 3910 824 3984 ab
852 3912 903 3984 eis
927 3915 1142 4012 concupitae,
1166 3914 1262 3988 valde

246 4167 276 4226 l.
299 4167 353 4224 Ms.
374 4169 538 4224 incolarum.

244 4264 273 4323 2.
297 4264 387 4321 tuta.
