<?xml version="1.0" encoding="UTF-8"?>
<!DOCTYPE html PUBLIC "-//W3C//DTD XHTML 1.0 Transitional//EN"
    "http://www.w3.org/TR/xhtml1/DTD/xhtml1-transitional.dtd">
<html xmlns="http://www.w3.org/1999/xhtml" xml:lang="en" lang="en">
 <head>
  <title>
</title>
<meta http-equiv="Content-Type" content="text/html;charset=utf-8" />
  <meta name='ocr-system' content='tesseract 3.04.00' />
  <meta name='ocr-capabilities' content='ocr_page ocr_carea ocr_par ocr_line ocrx_word'/>
</head>
<body>
  <div class='ocr_page' id='page_1' title='image "./histoiredesrgne00amelgoog_0201.png"; bbox 0 0 2946 5070; ppageno 0'>
   <div class='ocr_carea' id='block_1_1' title="bbox 882 222 897 265">
    <p class='ocr_par' dir='ltr' id='par_1_1' title="bbox 882 222 897 265">
     <span class='ocr_line' id='line_1_1' title="bbox 882 222 897 265; baseline 0 -8"><span class='ocrx_word' id='word_1_1' title='bbox 882 222 897 265; x_wconf 61' lang='grc' dir='ltr'><strong>,Ι</strong></span> 
     </span>
    </p>
   </div>
   <div class='ocr_carea' id='block_1_2' title="bbox 190 453 979 521">
    <p class='ocr_par' dir='ltr' id='par_1_2' title="bbox 190 453 979 521">
     <span class='ocr_line' id='line_1_2' title="bbox 190 453 979 521; baseline -0.009 -3"><span class='ocrx_word' id='word_1_2' title='bbox 190 462 247 521; x_wconf 65' lang='lat' dir='ltr'><strong>lbi</strong></span> <span class='ocrx_word' id='word_1_3' title='bbox 463 457 719 516; x_wconf 72' lang='lat' dir='ltr'><strong>ntsroulauuu</strong></span> <span class='ocrx_word' id='word_1_4' title='bbox 740 454 919 513; x_wconf 80' lang='lat' dir='ltr'><strong>tunovlct</strong></span> <span class='ocrx_word' id='word_1_5' title='bbox 937 453 979 511; x_wconf 80' lang='lat' dir='ltr'><strong>XI</strong></span> 
     </span>
    </p>
   </div>
   <div class='ocr_carea' id='block_1_3' title="bbox 189 585 1250 1039">
    <p class='ocr_par' dir='ltr' id='par_1_3' title="bbox 189 585 1250 1039">
     <span class='ocr_line' id='line_1_3' title="bbox 189 585 1249 690; baseline -0.01 -23"><span class='ocrx_word' id='word_1_6' title='bbox 189 609 293 686; x_wconf 88' lang='lat' dir='ltr'><strong>sent,</strong></span> <span class='ocrx_word' id='word_1_7' title='bbox 319 591 552 664; x_wconf 86' lang='lat' dir='ltr'><strong>nihilominus</strong></span> <span class='ocrx_word' id='word_1_8' title='bbox 577 591 728 690; x_wconf 91' lang='lat' dir='ltr'><strong>spoliata</strong></span> <span class='ocrx_word' id='word_1_9' title='bbox 751 603 786 661; x_wconf 91' lang='lat' dir='ltr'><strong>et</strong></span> <span class='ocrx_word' id='word_1_10' title='bbox 808 602 964 661; x_wconf 87' lang='lat' dir='ltr'><strong>cremata</strong></span> <span class='ocrx_word' id='word_1_11' title='bbox 986 585 1063 659; x_wconf 87' lang='lat' dir='ltr'><strong>suit.</strong></span> <span class='ocrx_word' id='word_1_12' title='bbox 1083 588 1172 674; x_wconf 83' lang='lat' dir='ltr'><strong>Quae</strong></span> <span class='ocrx_word' id='word_1_13' title='bbox 1198 608 1249 656; x_wconf 89' lang='lat' dir='ltr'><strong>res</strong></span> 
     </span>
     <span class='ocr_line' id='line_1_4' title="bbox 190 702 1249 809; baseline -0.01 -26"><span class='ocrx_word' id='word_1_14' title='bbox 190 710 344 809; x_wconf 91' lang='lat' dir='ltr'><strong>amplius</strong></span> <span class='ocrx_word' id='word_1_15' title='bbox 369 723 532 797; x_wconf 85' lang='lat' dir='ltr'><strong>caeteros,</strong></span> <span class='ocrx_word' id='word_1_16' title='bbox 558 707 619 801; x_wconf 88' lang='lat' dir='ltr'><strong>qui</strong></span> <span class='ocrx_word' id='word_1_17' title='bbox 651 708 782 805; x_wconf 90' lang='lat' dir='ltr'><strong>pariter</strong></span> <span class='ocrx_word' id='word_1_18' title='bbox 811 730 848 777; x_wconf 87' lang='lat' dir='ltr'><strong>se</strong></span> <span class='ocrx_word' id='word_1_19' title='bbox 875 705 1119 796; x_wconf 83' lang='lat' dir='ltr'><strong>redemerant,</strong></span> <span class='ocrx_word' id='word_1_20' title='bbox 1146 702 1249 783; x_wconf 52' lang='lat' dir='ltr'><strong>vehar</strong></span> 
     </span>
     <span class='ocr_line' id='line_1_5' title="bbox 189 820 1250 920; baseline -0.008 -22"><span class='ocrx_word' id='word_1_21' title='bbox 189 841 327 899; x_wconf 84' lang='lat' dir='ltr'><strong>menter</strong></span> <span class='ocrx_word' id='word_1_22' title='bbox 348 825 536 916; x_wconf 82' lang='lat' dir='ltr'><strong>exterruit,</strong></span> <span class='ocrx_word' id='word_1_23' title='bbox 559 824 609 896; x_wconf 87' lang='lat' dir='ltr'><strong>ita</strong></span> <span class='ocrx_word' id='word_1_24' title='bbox 631 838 671 894; x_wconf 87' lang='lat' dir='ltr'><strong>ut</strong></span> <span class='ocrx_word' id='word_1_25' title='bbox 696 822 849 920; x_wconf 88' lang='lat' dir='ltr'><strong>amplius</strong></span> <span class='ocrx_word' id='word_1_26' title='bbox 874 847 983 895; x_wconf 86' lang='lat' dir='ltr'><strong>nemo</strong></span> <span class='ocrx_word' id='word_1_27' title='bbox 1004 847 1069 919; x_wconf 88' lang='lat' dir='ltr'><strong>per</strong></span> <span class='ocrx_word' id='word_1_28' title='bbox 1090 820 1250 916; x_wconf 89' lang='lat' dir='ltr'><strong>hujusce·</strong></span> 
     </span>
     <span class='ocr_line' id='line_1_6' title="bbox 190 938 1056 1039; baseline -0.009 -24"><span class='ocrx_word' id='word_1_29' title='bbox 190 941 289 1015; x_wconf 88' lang='lat' dir='ltr'><strong>modi</strong></span> <span class='ocrx_word' id='word_1_30' title='bbox 302 940 570 1039; x_wconf 75' lang='lat' dir='ltr'><strong>redemptiones</strong></span> <span class='ocrx_word' id='word_1_31' title='bbox 587 964 623 1012; x_wconf 91' lang='lat' dir='ltr'><strong>se</strong></span> <span class='ocrx_word' id='word_1_32' title='bbox 637 953 755 1011; x_wconf 90' lang='lat' dir='ltr'><strong>tutum</strong></span> <span class='ocrx_word' id='word_1_33' title='bbox 772 938 847 1008; x_wconf 80' lang='lat' dir='ltr'><strong>lore</strong></span> <span class='ocrx_word' id='word_1_34' title='bbox 863 952 1056 1037; x_wconf 87' lang='lat' dir='ltr'><strong>reputaret.</strong></span> 
     </span>
    </p>
   </div>
   <div class='ocr_carea' id='block_1_4' title="bbox 558 1235 885 1306">
    <p class='ocr_par' dir='ltr' id='par_1_4' title="bbox 558 1235 885 1306">
     <span class='ocr_line' id='line_1_7' title="bbox 558 1235 885 1306; baseline -0.006 -1"><span class='ocrx_word' id='word_1_35' title='bbox 558 1235 817 1306; x_wconf 79' lang='lat' dir='ltr'><strong>caPuUtoM</strong></span> <span class='ocrx_word' id='word_1_36' title='bbox 840 1235 885 1303; x_wconf 83' lang='lat' dir='ltr'><strong>V.</strong></span> 
     </span>
    </p>
   </div>
   <div class='ocr_carea' id='block_1_5' title="bbox 190 1439 1252 1689">
    <p class='ocr_par' dir='ltr' id='par_1_5' title="bbox 190 1439 1252 1689">
     <span class='ocr_line' id='line_1_8' title="bbox 190 1439 1252 1516; baseline -0.007 -15"><span class='ocrx_word' id='word_1_37' title='bbox 190 1446 335 1514; x_wconf 86' lang='lat' dir='ltr'><strong>Quomodo</strong></span> <span class='ocrx_word' id='word_1_38' title='bbox 354 1447 424 1499; x_wconf 84' lang='lat' dir='ltr'><strong>cives</strong></span> <span class='ocrx_word' id='word_1_39' title='bbox 441 1445 622 1516; x_wconf 78' lang='lat' dir='ltr'><strong>Trajectenses</strong></span> <span class='ocrx_word' id='word_1_40' title='bbox 638 1443 755 1514; x_wconf 78' lang='lat' dir='ltr'><strong>potiores</strong></span> <span class='ocrx_word' id='word_1_41' title='bbox 769 1445 863 1515; x_wconf 78' lang='lat' dir='ltr'><strong>jugum</strong></span> <span class='ocrx_word' id='word_1_42' title='bbox 877 1440 1022 1515; x_wconf 71' lang='lat' dir='ltr'><strong>tyrannica</strong></span> <span class='ocrx_word' id='word_1_43' title='bbox 1035 1439 1224 1495; x_wconf 84' lang='lat' dir='ltr'><strong>dominationis</strong></span> <span class='ocrx_word' id='word_1_44' title='bbox 1237 1459 1252 1495; x_wconf 80' lang='grc' dir='ltr'>ι</span> 
     </span>
     <span class='ocr_line' id='line_1_9' title="bbox 228 1526 1252 1598; baseline -0.006 -14"><span class='ocrx_word' id='word_1_45' title='bbox 228 1532 280 1584; x_wconf 88' lang='lat' dir='ltr'><strong>suis</strong></span> <span class='ocrx_word' id='word_1_46' title='bbox 289 1531 437 1585; x_wconf 80' lang='lat' dir='ltr'><strong>cervicibus</strong></span> <span class='ocrx_word' id='word_1_47' title='bbox 449 1540 629 1597; x_wconf 85' lang='lat' dir='ltr'><strong>excusserunt,</strong></span> <span class='ocrx_word' id='word_1_48' title='bbox 642 1526 726 1594; x_wconf 68' lang='lat' dir='ltr'><strong>missis</strong></span> <span class='ocrx_word' id='word_1_49' title='bbox 739 1526 767 1580; x_wconf 89' lang='lat' dir='ltr'><strong>in</strong></span> <span class='ocrx_word' id='word_1_50' title='bbox 777 1544 910 1579; x_wconf 77' lang='lat' dir='ltr'><strong>carcerem</strong></span> <span class='ocrx_word' id='word_1_51' title='bbox 917 1526 1048 1598; x_wconf 81' lang='lat' dir='ltr'><strong>tyrannis,</strong></span> <span class='ocrx_word' id='word_1_52' title='bbox 1059 1538 1086 1579; x_wconf 88' lang='lat' dir='ltr'><strong>et</strong></span> <span class='ocrx_word' id='word_1_53' title='bbox 1095 1543 1171 1578; x_wconf 84' lang='lat' dir='ltr'><strong>snum</strong></span> <span class='ocrx_word' id='word_1_54' title='bbox 1183 1543 1252 1598; x_wconf 88' lang='lat' dir='ltr'><strong>pon-</strong></span> 
     </span>
     <span class='ocr_line' id='line_1_10' title="bbox 227 1613 1251 1689; baseline -0.005 -20"><span class='ocrx_word' id='word_1_55' title='bbox 227 1618 324 1672; x_wconf 85' lang='lat' dir='ltr'><strong>tificem</strong></span> <span class='ocrx_word' id='word_1_56' title='bbox 334 1617 466 1689; x_wconf 89' lang='lat' dir='ltr'><strong>optimum</strong></span> <span class='ocrx_word' id='word_1_57' title='bbox 479 1615 507 1668; x_wconf 92' lang='lat' dir='ltr'><strong>in</strong></span> <span class='ocrx_word' id='word_1_58' title='bbox 517 1614 647 1668; x_wconf 85' lang='lat' dir='ltr'><strong>civitatem</strong></span> <span class='ocrx_word' id='word_1_59' title='bbox 660 1631 735 1667; x_wconf 85' lang='lat' dir='ltr'><strong>suam</strong></span> <span class='ocrx_word' id='word_1_60' title='bbox 747 1626 902 1685; x_wconf 87' lang='lat' dir='ltr'><strong>receperunt</strong></span> <span class='ocrx_word' id='word_1_61' title='bbox 914 1631 974 1666; x_wconf 88' lang='lat' dir='ltr'><strong>cum</strong></span> <span class='ocrx_word' id='word_1_62' title='bbox 987 1613 1118 1684; x_wconf 77' lang='lat' dir='ltr'><strong>applausu</strong></span> <span class='ocrx_word' id='word_1_63' title='bbox 1128 1631 1223 1683; x_wconf 77' lang='lat' dir='ltr'><strong>magno</strong></span> <span class='ocrx_word' id='word_1_64' title='bbox 1232 1614 1251 1665; x_wconf 89' lang='lat'><strong>¹.</strong></span> 
     </span>
    </p>
   </div>
   <div class='ocr_carea' id='block_1_6' title="bbox 192 1780 1257 3857">
    <p class='ocr_par' dir='ltr' id='par_1_6' title="bbox 192 1780 1257 3857">
     <span class='ocr_line' id='line_1_11' title="bbox 244 1780 1252 1882; baseline -0.003 -27"><span class='ocrx_word' id='word_1_65' title='bbox 244 1784 376 1855; x_wconf 89' lang='lat' dir='ltr'><strong>Videns</strong></span> <span class='ocrx_word' id='word_1_66' title='bbox 393 1797 512 1855; x_wconf 88' lang='lat' dir='ltr'><strong>autem</strong></span> <span class='ocrx_word' id='word_1_67' title='bbox 530 1782 685 1882; x_wconf 92' lang='lat' dir='ltr'><strong>populus</strong></span> <span class='ocrx_word' id='word_1_68' title='bbox 706 1781 938 1877; x_wconf 83' lang='lat' dir='ltr'><strong>Trajectensis</strong></span> <span class='ocrx_word' id='word_1_69' title='bbox 961 1804 998 1851; x_wconf 88' lang='lat' dir='ltr'><strong>se</strong></span> <span class='ocrx_word' id='word_1_70' title='bbox 1027 1781 1157 1853; x_wconf 84' lang='lat' dir='ltr'><strong>totiens</strong></span> <span class='ocrx_word' id='word_1_71' title='bbox 1182 1780 1252 1852; x_wconf 82' lang='lat' dir='ltr'><strong>fore</strong></span> 
     </span>
     <span class='ocr_line' id='line_1_12' title="bbox 192 1888 1253 1999; baseline -0.005 -27"><span class='ocrx_word' id='word_1_72' title='bbox 192 1926 256 1999; x_wconf 90' lang='lat' dir='ltr'><strong>per</strong></span> <span class='ocrx_word' id='word_1_73' title='bbox 281 1926 365 1972; x_wconf 91' lang='lat' dir='ltr'><strong>suos</strong></span> <span class='ocrx_word' id='word_1_74' title='bbox 392 1915 563 1999; x_wconf 76' lang='lat' dir='ltr'><strong>tyrannos</strong></span> <span class='ocrx_word' id='word_1_75' title='bbox 586 1897 769 1990; x_wconf 89' lang='lat' dir='ltr'><strong>delusum,</strong></span> <span class='ocrx_word' id='word_1_76' title='bbox 789 1898 851 1995; x_wconf 92' lang='lat' dir='ltr'><strong>qui</strong></span> <span class='ocrx_word' id='word_1_77' title='bbox 879 1898 914 1967; x_wconf 91' lang='lat' dir='ltr'><strong>in</strong></span> <span class='ocrx_word' id='word_1_78' title='bbox 944 1910 998 1968; x_wconf 92' lang='lat' dir='ltr'><strong>tot</strong></span> <span class='ocrx_word' id='word_1_79' title='bbox 1020 1888 1253 1968; x_wconf 88' lang='lat' dir='ltr'><strong>conventibus</strong></span> 
     </span>
     <span class='ocr_line' id='line_1_13' title="bbox 192 2016 1253 2118; baseline -0.004 -28"><span class='ocrx_word' id='word_1_80' title='bbox 192 2043 259 2118; x_wconf 93' lang='lat' dir='ltr'><strong>pro</strong></span> <span class='ocrx_word' id='word_1_81' title='bbox 277 2016 461 2095; x_wconf 87' lang='lat' dir='ltr'><strong>tractanda</strong></span> <span class='ocrx_word' id='word_1_82' title='bbox 487 2043 575 2117; x_wconf 88' lang='lat' dir='ltr'><strong>pace</strong></span> <span class='ocrx_word' id='word_1_83' title='bbox 598 2016 729 2089; x_wconf 87' lang='lat' dir='ltr'><strong>habitis</strong></span> <span class='ocrx_word' id='word_1_84' title='bbox 752 2016 841 2090; x_wconf 87' lang='lat' dir='ltr'>nihil</span> <span class='ocrx_word' id='word_1_85' title='bbox 859 2016 1001 2114; x_wconf 86' lang='lat' dir='ltr'><strong>penitus</strong></span> <span class='ocrx_word' id='word_1_86' title='bbox 1022 2017 1185 2088; x_wconf 82' lang='lat' dir='ltr'><strong>votivum</strong></span> <span class='ocrx_word' id='word_1_87' title='bbox 1205 2039 1253 2086; x_wconf 81' lang='lat' dir='ltr'><strong>rc-</strong></span> 
     </span>
     <span class='ocr_line' id='line_1_14' title="bbox 193 2131 1252 2234; baseline -0.005 -27"><span class='ocrx_word' id='word_1_88' title='bbox 193 2134 407 2234; x_wconf 76' lang='lat' dir='ltr'><strong>portabant,</strong></span> <span class='ocrx_word' id='word_1_89' title='bbox 431 2135 519 2232; x_wconf 91' lang='lat' dir='ltr'><strong>quin</strong></span> <span class='ocrx_word' id='word_1_90' title='bbox 541 2134 660 2232; x_wconf 90' lang='lat' dir='ltr'><strong>potius</strong></span> <span class='ocrx_word' id='word_1_91' title='bbox 677 2131 723 2204; x_wconf 90' lang='lat' dir='ltr'><strong>ab</strong></span> <span class='ocrx_word' id='word_1_92' title='bbox 739 2131 875 2204; x_wconf 87' lang='lat' dir='ltr'><strong>eisdem</strong></span> <span class='ocrx_word' id='word_1_93' title='bbox 893 2132 1071 2229; x_wconf 84' lang='lat' dir='ltr'><strong>tyrannis,</strong></span> <span class='ocrx_word' id='word_1_94' title='bbox 1089 2132 1173 2205; x_wconf 91' lang='lat' dir='ltr'><strong>licet</strong></span> <span class='ocrx_word' id='word_1_95' title='bbox 1189 2132 1252 2203; x_wconf 78' lang='lat' dir='ltr'><strong>sre-</strong></span> 
     </span>
     <span class='ocr_line' id='line_1_15' title="bbox 193 2246 1254 2348; baseline -0.006 -27"><span class='ocrx_word' id='word_1_96' title='bbox 193 2265 343 2348; x_wconf 88' lang='lat' dir='ltr'><strong>quenter</strong></span> <span class='ocrx_word' id='word_1_97' title='bbox 371 2273 497 2321; x_wconf 89' lang='lat' dir='ltr'><strong>omnes</strong></span> <span class='ocrx_word' id='word_1_98' title='bbox 524 2248 682 2321; x_wconf 79' lang='lat' dir='ltr'><strong>honestae</strong></span> <span class='ocrx_word' id='word_1_99' title='bbox 710 2260 745 2319; x_wconf 89' lang='lat' dir='ltr'><strong>et</strong></span> <span class='ocrx_word' id='word_1_100' title='bbox 774 2246 1002 2319; x_wconf 85' lang='lat' dir='ltr'><strong>rationabiles</strong></span> <span class='ocrx_word' id='word_1_101' title='bbox 1031 2248 1254 2319; x_wconf 88' lang='lat' dir='ltr'><strong>conditiones</strong></span> 
     </span>
     <span class='ocr_line' id='line_1_16' title="bbox 192 2362 1253 2464; baseline -0.004 -27"><span class='ocrx_word' id='word_1_102' title='bbox 192 2366 290 2464; x_wconf 88' lang='lat' dir='ltr'><strong>pacis</strong></span> <span class='ocrx_word' id='word_1_103' title='bbox 305 2365 356 2437; x_wconf 92' lang='lat' dir='ltr'><strong>eis</strong></span> <span class='ocrx_word' id='word_1_104' title='bbox 373 2363 500 2436; x_wconf 85' lang='lat' dir='ltr'><strong>oblatae</strong></span> <span class='ocrx_word' id='word_1_105' title='bbox 517 2362 680 2456; x_wconf 82' lang='lat' dir='ltr'><strong>fuissent,</strong></span> <span class='ocrx_word' id='word_1_106' title='bbox 700 2363 818 2462; x_wconf 90' lang='lat' dir='ltr'><strong>palam</strong></span> <span class='ocrx_word' id='word_1_107' title='bbox 844 2362 980 2435; x_wconf 86' lang='lat' dir='ltr'><strong>dictum</strong></span> <span class='ocrx_word' id='word_1_108' title='bbox 1003 2377 1253 2464; x_wconf 90' lang='lat' dir='ltr'><strong>protestatum·</strong></span> 
     </span>
     <span class='ocr_line' id='line_1_17' title="bbox 194 2478 1254 2578; baseline -0.004 -26"><span class='ocrx_word' id='word_1_109' title='bbox 194 2504 264 2576; x_wconf 90' lang='lat' dir='ltr'><strong>que</strong></span> <span class='ocrx_word' id='word_1_110' title='bbox 286 2479 404 2552; x_wconf 81' lang='lat' dir='ltr'><strong>fuisset</strong></span> <span class='ocrx_word' id='word_1_111' title='bbox 426 2479 527 2577; x_wconf 92' lang='lat' dir='ltr'><strong>quod</strong></span> <span class='ocrx_word' id='word_1_112' title='bbox 547 2480 670 2551; x_wconf 78' lang='lat' dir='ltr'><strong>citius¹</strong></span> <span class='ocrx_word' id='word_1_113' title='bbox 686 2480 810 2551; x_wconf 89' lang='lat' dir='ltr'><strong>omnia</strong></span> <span class='ocrx_word' id='word_1_114' title='bbox 827 2493 984 2552; x_wconf 86' lang='lat' dir='ltr'><strong>extrema</strong></span> <span class='ocrx_word' id='word_1_115' title='bbox 1007 2479 1182 2578; x_wconf 88' lang='lat' dir='ltr'><strong>usquead</strong></span> <span class='ocrx_word' id='word_1_116' title='bbox 1207 2478 1254 2550; x_wconf 93' lang='lat' dir='ltr'><strong>ci-</strong></span> 
     </span>
     <span class='ocr_line' id='line_1_18' title="bbox 193 2595 1255 2669; baseline 0.001 -3"><span class='ocrx_word' id='word_1_117' title='bbox 193 2598 292 2667; x_wconf 89' lang='lat' dir='ltr'><strong>vium</strong></span> <span class='ocrx_word' id='word_1_118' title='bbox 319 2596 482 2667; x_wconf 90' lang='lat' dir='ltr'><strong>omniurn</strong></span> <span class='ocrx_word' id='word_1_119' title='bbox 513 2595 795 2669; x_wconf 87' lang='lat' dir='ltr'><strong>internecionem</strong></span> <span class='ocrx_word' id='word_1_120' title='bbox 823 2610 859 2667; x_wconf 88' lang='lat' dir='ltr'><strong>et</strong></span> <span class='ocrx_word' id='word_1_121' title='bbox 878 2597 1045 2668; x_wconf 88' lang='lat' dir='ltr'><strong>ultimum</strong></span> <span class='ocrx_word' id='word_1_122' title='bbox 1070 2597 1255 2669; x_wconf 86' lang='lat' dir='ltr'><strong>hominem</strong></span> 
     </span>
     <span class='ocr_line' id='line_1_19' title="bbox 193 2711 1255 2812; baseline 0.001 -30"><span class='ocrx_word' id='word_1_123' title='bbox 193 2712 355 2783; x_wconf 88' lang='lat' dir='ltr'><strong>relictum</strong></span> <span class='ocrx_word' id='word_1_124' title='bbox 386 2712 617 2804; x_wconf 87' lang='lat' dir='ltr'><strong>sustinerent,</strong></span> <span class='ocrx_word' id='word_1_125' title='bbox 652 2735 762 2810; x_wconf 87' lang='lat' dir='ltr'><strong>quarn</strong></span> <span class='ocrx_word' id='word_1_126' title='bbox 794 2711 895 2809; x_wconf 91' lang='lat' dir='ltr'><strong>quod</strong></span> <span class='ocrx_word' id='word_1_127' title='bbox 921 2712 1021 2812; x_wconf 86' lang='lat' dir='ltr'><strong>pium</strong></span> <span class='ocrx_word' id='word_1_128' title='bbox 1048 2711 1255 2812; x_wconf 86' lang='lat' dir='ltr'><strong>pontificem</strong></span> 
     </span>
     <span class='ocr_line' id='line_1_20' title="bbox 194 2827 1255 2924; baseline 0.001 -26"><span class='ocrx_word' id='word_1_129' title='bbox 194 2853 298 2899; x_wconf 89' lang='lat' dir='ltr'><strong>suum</strong></span> <span class='ocrx_word' id='word_1_130' title='bbox 320 2853 481 2924; x_wconf 89' lang='lat' dir='ltr'><strong>unquam</strong></span> <span class='ocrx_word' id='word_1_131' title='bbox 501 2829 537 2899; x_wconf 91' lang='lat' dir='ltr'><strong>in</strong></span> <span class='ocrx_word' id='word_1_132' title='bbox 554 2827 744 2900; x_wconf 90' lang='lat' dir='ltr'><strong>dominum</strong></span> <span class='ocrx_word' id='word_1_133' title='bbox 762 2853 867 2899; x_wconf 92' lang='lat' dir='ltr'><strong>suurn</strong></span> <span class='ocrx_word' id='word_1_134' title='bbox 885 2838 1196 2924; x_wconf 85' lang='lat' dir='ltr'><strong>recognoscerent,</strong></span> <span class='ocrx_word' id='word_1_135' title='bbox 1210 2828 1255 2900; x_wconf 90' lang='lat' dir='ltr'><strong>de</strong></span> 
     </span>
     <span class='ocr_line' id='line_1_21' title="bbox 194 2943 1256 3043; baseline 0.002 -28"><span class='ocrx_word' id='word_1_136' title='bbox 194 2968 282 3041; x_wconf 91' lang='lat' dir='ltr'><strong>pace</strong></span> <span class='ocrx_word' id='word_1_137' title='bbox 297 2944 552 3042; x_wconf 89' lang='lat' dir='ltr'><strong>componenda</strong></span> <span class='ocrx_word' id='word_1_138' title='bbox 574 2959 636 3016; x_wconf 91' lang='lat' dir='ltr'><strong>aut</strong></span> <span class='ocrx_word' id='word_1_139' title='bbox 662 2943 890 3016; x_wconf 85' lang='lat' dir='ltr'><strong>reformanda</strong></span> <span class='ocrx_word' id='word_1_140' title='bbox 913 2946 1054 3043; x_wconf 90' lang='lat' dir='ltr'><strong>penitus</strong></span> <span class='ocrx_word' id='word_1_141' title='bbox 1069 2944 1256 3043; x_wconf 90' lang='lat' dir='ltr'><strong>desperare</strong></span> 
     </span>
     <span class='ocr_line' id='line_1_22' title="bbox 194 3059 1255 3161; baseline 0.003 -30"><span class='ocrx_word' id='word_1_142' title='bbox 194 3073 391 3157; x_wconf 86' lang='lat' dir='ltr'><strong>coeperunt.</strong></span> <span class='ocrx_word' id='word_1_143' title='bbox 412 3059 607 3133; x_wconf 63' lang='lat' dir='ltr'><strong>Crescebat*</strong></span> <span class='ocrx_word' id='word_1_144' title='bbox 619 3061 656 3131; x_wconf 88' lang='lat' dir='ltr'><strong>in</strong></span> <span class='ocrx_word' id='word_1_145' title='bbox 677 3059 753 3131; x_wconf 93' lang='lat' dir='ltr'><strong>dies</strong></span> <span class='ocrx_word' id='word_1_146' title='bbox 772 3059 880 3132; x_wconf 78' lang='lat' dir='ltr'><strong>fames</strong></span> <span class='ocrx_word' id='word_1_147' title='bbox 905 3086 946 3133; x_wconf 88' lang='lat' dir='ltr'><strong>ex</strong></span> <span class='ocrx_word' id='word_1_148' title='bbox 973 3063 1122 3161; x_wconf 82' lang='lat' dir='ltr'><strong>penuria</strong></span> <span class='ocrx_word' id='word_1_149' title='bbox 1146 3077 1181 3134; x_wconf 91' lang='lat' dir='ltr'><strong>et</strong></span> <span class='ocrx_word' id='word_1_150' title='bbox 1201 3086 1255 3134; x_wconf 87' lang='lat' dir='ltr'><strong>ca·</strong></span> 
     </span>
     <span class='ocr_line' id='line_1_23' title="bbox 195 3173 1256 3276; baseline 0.006 -33"><span class='ocrx_word' id='word_1_151' title='bbox 195 3173 292 3246; x_wconf 91' lang='lat' dir='ltr'><strong>ristia</strong></span> <span class='ocrx_word' id='word_1_152' title='bbox 306 3198 470 3263; x_wconf 79' lang='lat' dir='ltr'><strong>annonae,</strong></span> <span class='ocrx_word' id='word_1_153' title='bbox 493 3196 559 3247; x_wconf 88' lang='lat' dir='ltr'><strong>nec</strong></span> <span class='ocrx_word' id='word_1_154' title='bbox 576 3187 791 3248; x_wconf 88' lang='lat' dir='ltr'><strong>mercatores</strong></span> <span class='ocrx_word' id='word_1_155' title='bbox 808 3189 870 3248; x_wconf 87' lang='lat' dir='ltr'><strong>aut</strong></span> <span class='ocrx_word' id='word_1_156' title='bbox 887 3175 1038 3249; x_wconf 86' lang='lat' dir='ltr'><strong>artifices</strong></span> <span class='ocrx_word' id='word_1_157' title='bbox 1060 3177 1256 3276; x_wconf 89' lang='lat' dir='ltr'><strong>quidquam</strong></span> 
     </span>
     <span class='ocr_line' id='line_1_24' title="bbox 195 3287 1257 3391; baseline 0.004 -32"><span class='ocrx_word' id='word_1_158' title='bbox 195 3288 284 3359; x_wconf 87' lang='lat' dir='ltr'><strong>lucri</strong></span> <span class='ocrx_word' id='word_1_159' title='bbox 310 3289 367 3360; x_wconf 85' lang='lat' dir='ltr'><strong>vel</strong></span> <span class='ocrx_word' id='word_1_160' title='bbox 396 3314 438 3360; x_wconf 82' lang='lat' dir='ltr'><strong>ex</strong></span> <span class='ocrx_word' id='word_1_161' title='bbox 463 3287 635 3381; x_wconf 86' lang='lat' dir='ltr'><strong>artificio,</strong></span> <span class='ocrx_word' id='word_1_162' title='bbox 656 3288 712 3360; x_wconf 89' lang='lat' dir='ltr'><strong>vel</strong></span> <span class='ocrx_word' id='word_1_163' title='bbox 733 3313 777 3360; x_wconf 86' lang='lat' dir='ltr'><strong>ex</strong></span> <span class='ocrx_word' id='word_1_164' title='bbox 796 3290 1038 3386; x_wconf 86' lang='lat' dir='ltr'><strong>negotiatione</strong></span> <span class='ocrx_word' id='word_1_165' title='bbox 1061 3292 1176 3365; x_wconf 85' lang='lat' dir='ltr'><strong>facere</strong></span> <span class='ocrx_word' id='word_1_166' title='bbox 1197 3317 1257 3391; x_wconf 81' lang='lat' dir='ltr'><strong>po</strong></span> 
     </span>
     <span class='ocr_line' id='line_1_25' title="bbox 197 3405 1253 3499; baseline 0.01 -26"><span class='ocrx_word' id='word_1_167' title='bbox 197 3417 327 3476; x_wconf 86' lang='lat' dir='ltr'><strong>terant.</strong></span> <span class='ocrx_word' id='word_1_168' title='bbox 356 3405 523 3478; x_wconf 91' lang='lat' dir='ltr'><strong>Similiter</strong></span> <span class='ocrx_word' id='word_1_169' title='bbox 546 3429 613 3478; x_wconf 88' lang='lat' dir='ltr'><strong>neo</strong></span> <span class='ocrx_word' id='word_1_170' title='bbox 644 3405 778 3499; x_wconf 87' lang='lat' dir='ltr'><strong>clerus,</strong></span> <span class='ocrx_word' id='word_1_171' title='bbox 803 3431 870 3480; x_wconf 92' lang='lat' dir='ltr'><strong>nec</strong></span> <span class='ocrx_word' id='word_1_172' title='bbox 895 3408 1116 3482; x_wconf 88' lang='lat' dir='ltr'><strong>honestiores</strong></span> <span class='ocrx_word' id='word_1_173' title='bbox 1142 3410 1253 3498; x_wconf 84' lang='lat' dir='ltr'><strong>cives,</strong></span> 
     </span>
     <span class='ocr_line' id='line_1_26' title="bbox 196 3510 1256 3624; baseline 0.006 -32"><span class='ocrx_word' id='word_1_174' title='bbox 196 3519 327 3617; x_wconf 91' lang='lat' dir='ltr'><strong>quibus</strong></span> <span class='ocrx_word' id='word_1_175' title='bbox 353 3524 575 3596; x_wconf 91' lang='lat' dir='ltr'><strong>consuetudo</strong></span> <span class='ocrx_word' id='word_1_176' title='bbox 604 3523 718 3596; x_wconf 88' lang='lat' dir='ltr'><strong>fuerat</strong></span> <span class='ocrx_word' id='word_1_177' title='bbox 743 3525 789 3598; x_wconf 92' lang='lat' dir='ltr'><strong>de</strong></span> <span class='ocrx_word' id='word_1_178' title='bbox 814 3510 968 3624; x_wconf 87' lang='lat' dir='ltr'><strong>propriis</strong></span> <span class='ocrx_word' id='word_1_179' title='bbox 994 3527 1112 3601; x_wconf 82' lang='lat' dir='ltr'><strong>rivere</strong></span> <span class='ocrx_word' id='word_1_180' title='bbox 1139 3526 1256 3600; x_wconf 83' lang='lat' dir='ltr'><strong>rediti-</strong></span> 
     </span>
     <span class='ocr_line' id='line_1_27' title="bbox 195 3635 1256 3743; baseline 0.007 -36"><span class='ocrx_word' id='word_1_181' title='bbox 195 3635 283 3730; x_wconf 90' lang='lat' dir='ltr'><strong>bus,</strong></span> <span class='ocrx_word' id='word_1_182' title='bbox 303 3638 502 3736; x_wconf 87' lang='lat' dir='ltr'><strong>quidquam</strong></span> <span class='ocrx_word' id='word_1_183' title='bbox 528 3638 612 3711; x_wconf 89' lang='lat' dir='ltr'><strong>iude</strong></span> <span class='ocrx_word' id='word_1_184' title='bbox 630 3655 797 3739; x_wconf 91' lang='lat' dir='ltr'><strong>poterant</strong></span> <span class='ocrx_word' id='word_1_185' title='bbox 817 3645 1021 3743; x_wconf 86' lang='lat' dir='ltr'><strong>percipere;</strong></span> <span class='ocrx_word' id='word_1_186' title='bbox 1041 3659 1076 3717; x_wconf 90' lang='lat' dir='ltr'><strong>et</strong></span> <span class='ocrx_word' id='word_1_187' title='bbox 1098 3644 1256 3743; x_wconf 87' lang='lat' dir='ltr'><strong>plerique</strong></span> 
     </span>
     <span class='ocr_line' id='line_1_28' title="bbox 203 3754 1256 3857; baseline 0.006 -33"><span class='ocrx_word' id='word_1_188' title='bbox 203 3754 283 3851; x_wconf 88' lang='lat' dir='ltr'><strong>qui,</strong></span> <span class='ocrx_word' id='word_1_189' title='bbox 308 3755 337 3824; x_wconf 91' lang='lat' dir='ltr'><strong>si</strong></span> <span class='ocrx_word' id='word_1_190' title='bbox 360 3755 494 3852; x_wconf 87' lang='lat' dir='ltr'><strong>aliquid</strong></span> <span class='ocrx_word' id='word_1_191' title='bbox 516 3755 684 3854; x_wconf 91' lang='lat' dir='ltr'><strong>pusillum</strong></span> <span class='ocrx_word' id='word_1_192' title='bbox 702 3757 788 3829; x_wconf 91' lang='lat' dir='ltr'><strong>olim</strong></span> <span class='ocrx_word' id='word_1_193' title='bbox 806 3782 848 3830; x_wconf 88' lang='lat' dir='ltr'><strong>ex</strong></span> <span class='ocrx_word' id='word_1_194' title='bbox 872 3761 1089 3857; x_wconf 87' lang='lat' dir='ltr'><strong>patrimonio</strong></span> <span class='ocrx_word' id='word_1_195' title='bbox 1115 3760 1183 3833; x_wconf 93' lang='lat' dir='ltr'><strong>sibi</strong></span> <span class='ocrx_word' id='word_1_196' title='bbox 1204 3784 1256 3830; x_wconf 89' lang='lat' dir='ltr'><strong>re·</strong></span> 
     </span>
    </p>
   </div>
   <div class='ocr_carea' id='block_1_7' title="bbox 197 4004 1252 4174">
    <p class='ocr_par' dir='ltr' id='par_1_7' title="bbox 197 4004 1252 4174">
     <span class='ocr_line' id='line_1_29' title="bbox 214 4004 1252 4085; baseline 0.002 -18"><span class='ocrx_word' id='word_1_197' title='bbox 214 4064 217 4068; x_wconf 90' lang='grc'>,</span> <span class='ocrx_word' id='word_1_198' title='bbox 239 4009 269 4064; x_wconf 86' lang='lat' dir='ltr'><strong>l.</strong></span> <span class='ocrx_word' id='word_1_199' title='bbox 290 4004 424 4084; x_wconf 87' lang='lat' dir='ltr'><strong>Chapitre</strong></span> <span class='ocrx_word' id='word_1_200' title='bbox 446 4005 578 4085; x_wconf 77' lang='lat' dir='ltr'><strong>imprime</strong></span> <span class='ocrx_word' id='word_1_201' title='bbox 596 4006 667 4065; x_wconf 87' lang='lat' dir='ltr'><strong>dans</strong></span> <span class='ocrx_word' id='word_1_202' title='bbox 686 4007 727 4066; x_wconf 90' lang='lat' dir='ltr'><strong>les</strong></span> <span class='ocrx_word' id='word_1_203' title='bbox 749 4012 888 4066; x_wconf 76' lang='lat' dir='ltr'><strong>Analecta</strong></span> <span class='ocrx_word' id='word_1_204' title='bbox 906 4011 942 4067; x_wconf 89' lang='lat' dir='ltr'><strong>de</strong></span> <span class='ocrx_word' id='word_1_205' title='bbox 961 4011 1112 4072; x_wconf 62' lang='lat' dir='ltr'><strong>Mattheus</strong></span> <span class='ocrx_word' id='word_1_206' title='bbox 1136 4027 1164 4071; x_wconf 83' lang='lat' dir='ltr'><strong>et</strong></span> <span class='ocrx_word' id='word_1_207' title='bbox 1185 4014 1252 4072; x_wconf 79' lang='lat' dir='ltr'><strong>dans</strong></span> 
     </span>
     <span class='ocr_line' id='line_1_30' title="bbox 197 4099 550 4174; baseline 0 -18"><span class='ocrx_word' id='word_1_208' title='bbox 197 4099 402 4174; x_wconf 83' lang='lat' dir='ltr'><strong>l&#39;AmpIissima</strong></span> <span class='ocrx_word' id='word_1_209' title='bbox 415 4103 550 4156; x_wconf 79' lang='lat' dir='ltr'><strong>collectio.</strong></span> 
     </span>
    </p>
   </div>
   <div class='ocr_carea' id='block_1_8' title="bbox 237 4192 636 4269">
    <p class='ocr_par' dir='ltr' id='par_1_8' title="bbox 237 4192 636 4269">
     <span class='ocr_line' id='line_1_31' title="bbox 237 4192 636 4269; baseline 0.003 -21"><span class='ocrx_word' id='word_1_210' title='bbox 237 4193 268 4252; x_wconf 73' lang='lat' dir='ltr'><strong>i.</strong></span> <span class='ocrx_word' id='word_1_211' title='bbox 290 4192 439 4251; x_wconf 79' lang='lat' dir='ltr'><strong>Matthaeus</strong></span> <span class='ocrx_word' id='word_1_212' title='bbox 453 4200 520 4269; x_wconf 83' lang='lat' dir='ltr'><strong>quia</strong></span> <span class='ocrx_word' id='word_1_213' title='bbox 532 4200 636 4269; x_wconf 67' lang='lat' dir='ltr'><strong>potitae,</strong></span> 
     </span>
    </p>
   </div>
   <div class='ocr_carea' id='block_1_9' title="bbox 0 0 1489 5070">
    <p class='ocr_par' dir='ltr' id='par_1_9' title="bbox 0 0 1489 5070">
     <span class='ocr_line' id='line_1_32' title="bbox 0 0 1489 5070; baseline 0 0"><span class='ocrx_word' id='word_1_214' title='bbox 0 0 1489 5070; x_wconf 95' lang='lat' dir='ltr'><strong> </strong></span> 
     </span>
    </p>
   </div>
  </div>
 </body>
</html>
