2946 5070
295 458 312 516 ⁸
564 457 817 514 fflsromlauu
837 459 1014 516 LUDOVlCl
1034 461 1076 516 XI

293 615 378 663 cum
403 589 504 662 omni
515 588 766 687 superioritatis
781 588 879 684 jure,
894 588 1154 687 exemptionem
1172 590 1348 683 validam,

294 720 367 778 tam
380 728 446 803 pro
472 729 530 797 se,
546 727 659 801 quam
688 727 754 801 pro
783 705 854 775 suis
880 703 1080 776 heredibus
1105 719 1140 776 et
1171 730 1352 778 successo·

293 819 409 912 ribus,
438 846 542 892 suurn
565 820 761 914 genitorem
789 820 963 917 quaesiisse
981 835 1086 918 atque
1116 819 1284 893 habuisse
1301 821 1353 893 di·

294 934 444 1023 cebant;
477 934 539 1006 sed
573 934 627 1004 nis
651 934 798 1005 minime
827 936 989 1026 attentis,
1023 918 1199 1007 desiderio
1233 938 1353 1008 conci·

293 1051 419 1124 liandae
437 1052 536 1151 pacis
551 1064 586 1121 et
613 1050 773 1122 amicitiae
805 1051 1029 1148 acquirendae
1042 1066 1079 1123 et
1101 1053 1352 1125 conservandae

294 1190 376 1238 eum
400 1168 496 1262 regia
519 1165 719 1262 majestate,
739 1165 878 1236 cederet
894 1165 1020 1239 eadem
1036 1167 1245 1264 principissa
1274 1192 1352 1239 om·

293 1282 399 1354 nibus
412 1280 552 1379 juribus
568 1304 646 1377 quae
663 1305 727 1378 per
743 1295 911 1353 tractatus
926 1282 1111 1379 praedictos
1127 1281 1194 1354 sibi
1208 1284 1353 1378 quaesita

294 1398 510 1496 praetendere
528 1412 661 1495 posset,
673 1412 709 1469 et
721 1422 799 1493 quae
812 1398 931 1470 adhuc
948 1398 1061 1470 dehis
1075 1397 1121 1469 ad
1134 1398 1192 1493 jus
1210 1424 1353 1472 coronae

293 1515 536 1615 pertinuerant
546 1527 582 1585 et
600 1513 671 1585 suis
685 1513 842 1585 habebat
855 1513 1031 1605 manibus,
1048 1514 1121 1609 regi
1129 1514 1355 1588 contraderet

192 1668 198 1681 ·
294 1641 400 1723 atque
417 1625 643 1696 restitueret¹.

342 1741 530 1815 Habebant
540 1757 658 1813 autem
666 1755 701 1812 et
709 1741 1059 1831 iidemoratores‚vel
1070 1766 1111 1813 ex
1121 1743 1203 1840 ipsis
1214 1742 1351 1839 aliqui¹,

295 1858 341 1931 ab
359 1859 435 1957 ipsa
449 1858 656 1956 principissa
674 1881 738 1929 sua
752 1857 960 1930 mandatum
975 1858 1112 1945 tradere
1131 1859 1204 1954 regi
1215 1859 1356 1955 Atreba-

218 1974 224 1986 “
295 1990 371 2046 turn
383 1975 582 2064 civitatem,
602 1973 638 2043 in
651 1997 722 2070 qua
735 1988 787 2043 est
799 1973 947 2045 ecclesia
959 1975 1209 2074 episcopalis¹3
1230 1990 1354 2049 eteam

295 2091 340 2163 de
359 2091 451 2164 sacto
470 2087 712 2179 tradiderunt,
734 2086 801 2160 sub
818 2113 880 2186 spe
894 2090 993 2186 quod
1006 2115 1088 2176 rex,
1114 2114 1181 2188 pro
1197 2088 1253 2161 his
1276 2116 1355 2188 quae

296 2196 365 2279 sibi
377 2206 497 2279 oblata
514 2206 653 2277 fuerant
668 2205 760 2302 (quae
775 2229 904 2302 magna
920 2206 1080 2303 prolecto
1093 2222 1207 2298 erant,
1220 2221 1256 2278 et
1272 2208 1355 2280 talia

296 2319 657 2413 essevidebantur‚de
667 2321 797 2417 quihus
805 2321 931 2392 merito
939 2323 1134 2419 contentari
1143 2319 1352 2418 debuisset),

296 2438 393 2537 pacis
428 2437 672 2508 conditionem
701 2438 981 2536 amplecteretur.
1012 2437 1081 2508 Sed
1110 2438 1183 2536 ipse
1209 2453 1356 2536 propter

297 2551 495 2625 oblationes
515 2551 583 2623 sihi
602 2552 721 2636 lactas,
736 2576 861 2650 pacem
878 2552 1037 2650 polliceri
1056 2578 1130 2624 non
1147 2553 1272 2645 voluit,
1289 2555 1356 2624 nisi

297 2669 570 2769 desponsaretur
590 2669 667 2767 ipsa
699 2668 808 2740 filiola
829 2692 893 2740 sua
924 2667 1088 2741 filiosuo
1117 2668 1355 2767 delphino...⁶

339 2938 367 2994 l.
388 2937 441 2994 Ces
462 2933 655 3013 propositione
677 2945 743 2991 sont
760 2931 827 2991 bien
847 2933 932 2992 celles
954 2934 1003 3011 qui
1026 2933 1123 2993 iurent
1140 2934 1220 2993 saites
1238 2954 1293 3014 par
1315 2936 1356 2994 la

297 3028 416 3107 de'putes
433 3028 485 3087 des
502 3019 591 3087 Etats.
612 3032 652 3086 Μ.
673 3026 806 3086 Gachard
822 3046 858 3085 en
873 3047 939 3086 aen
951 3028 1033 3086 l'acte
1051 3040 1133 3086 entre
1148 3028 1189 3087 les
1203 3028 1313 3100 mains,
1329 3043 1358 3087 et

295 3123 315 3181 il
329 3124 370 3182 les
384 3124 440 3181 cite
456 3123 527 3181 dans
547 3142 598 3180 son
619 3121 756 3179 Memoire
778 3140 828 3177 sur
845 3121 873 3179 le
887 3121 1035 3200 jugement
1049 3122 1100 3180 des
1119 3122 1262 3180 ministres
1278 3121 1356 3180 dela

296 3209 446 3274 duchesse.
466 3219 606 3272 Bulletr'nr
618 3218 654 3271 de
667 3214 843 3271 l’Acade'mie
855 3219 953 3287 royale
965 3218 1001 3271 de
1015 3219 1175 3290 Bruxelles,
1191 3216 1211 3272 l.
1228 3235 1256 3274 c.

335 3325 365 3382 2.
387 3323 454 3383 Ceci
468 3321 529 3380 doit
542 3321 706 3380 s’entendre
718 3321 768 3379 des
781 3319 998 3380 ambassadeurs
1010 3320 1046 3379 de
1061 3322 1089 3380 la
1103 3320 1253 3381 duchesse.

336 3431 365 3487 3.
388 3432 429 3487 La
452 3431 509 3485 cite
525 3426 662 3500 d'Arras,
678 3428 805 3505 quartier
822 3427 859 3486 de
876 3429 904 3487 la
918 3428 1083 3502 juridiction
1104 3429 1281 3508 episcopale,
1304 3449 1357 3508 par

295 3523 456 3601 opposition
472 3526 489 3580 a
503 3522 531 3580 la
549 3528 632 3596 ville,
652 3524 701 3601 qui
718 3524 785 3582 erait
798 3524 826 3582 le
843 3523 984 3582 territoire
1004 3522 1081 3583 dela
1104 3543 1258 3583 commune
1276 3524 1357 3583 etde

294 3613 426 3692 l’abbaye
443 3616 480 3674 de
497 3615 688 3676 saint-Vaast.
706 3617 803 3675 Lerni
818 3638 838 3694 y
855 3617 887 3674 fit
906 3637 959 3675 son
973 3619 1070 3676 entree
1083 3618 1110 3677 le
1123 3621 1140 3677 l
1155 3637 1247 3688 mars,
1265 3643 1280 3671 ι
1295 3637 1355 3677 nou

295 3709 377 3788 point
399 3729 452 3788 par
468 3709 561 3780 soree,
577 3709 648 3768 mais
661 3729 714 3788 par
727 3708 786 3769 bon
803 3711 896 3769 voloir
909 3711 958 3770 des
977 3710 1120 3770 dessusdis
1141 3710 1177 3769 de
1198 3711 1227 3768 la
1247 3711 1356 3784 cited
1399 3769 1403 3777 ,

297 3821 382 3863 cause
402 3823 458 3881 que
478 3802 564 3861 ladite
582 3803 685 3882 plache
704 3804 787 3862 estoit
803 3804 919 3874 sienne,
940 3823 1052 3863 comme
1072 3802 1188 3864 cambre
1203 3804 1322 3883 dercy.
1340 3831 1352 3857 ·

295 3896 414 3954 Journal
426 3895 464 3954 de
475 3895 542 3953 dom
555 3894 666 3954 Gerard
685 3894 808 3969 Robert,
827 3895 966 3976 religieux
981 3896 1019 3955 de
1026 3896 1203 3956 saint-Vaast
1221 3895 1354 3967 damas,

294 3986 393 4066 publii
407 4008 460 4069 par
472 3987 648 4048 l'Academie
660 3988 777 4049 d’Arras
789 3992 902 4066 (1⁸52),
916 4010 947 4069 p.
965 3995 994 4052 9.

336 4099 365 4154 l.
387 4101 502 4155 Lacune
523 4094 593 4154 dans
611 4097 639 4154 le
658 4115 738 4166 sens,
755 4096 881 4174 quoique
894 4096 921 4155 le
937 4110 1014 4155 texte
1032 4115 1063 4155 se
1078 4094 1159 4155 suive
1182 4115 1247 4154 sans
1260 4096 1355 4154 inter·

292 4190 409 4267 ruption
424 4189 495 4248 dans
508 4189 535 4246 le
549 4189 713 4248 manuscrit.
924 4186 929 4197 '
