2946 5070
538 462 650 520 LIBER
672 461 826 517 SEXTUS.
1157 466 1214 522 ¹09

147 595 217 666 tuti
235 617 277 665 ac
293 593 408 665 securi
428 593 465 663 in
483 593 555 664 suis
577 607 764 665 manerent
780 591 968 684 domibus,
984 594 1080 692 apud
1098 596 1216 668 civita·

147 713 194 784 tis
221 724 376 783 rectores
399 735 474 782 sese
497 710 650 808 pecunia
673 709 923 804 redemissent,
950 725 986 781 et
1011 709 1078 782 sub
1105 713 1216 811 pactis

145 829 331 928 promissa
357 827 408 898 eis
433 827 648 918 securitatis,
669 826 758 897 nihil
775 825 903 897 hostile
929 849 950 897 a
975 827 1116 899 civitate
1139 853 1215 899 me-

147 959 309 1037 tuentes,
337 968 442 1040 agros
473 968 557 1015 suos
584 943 758 1034 colerent,
788 942 905 1013 dictus
933 942 1212 1037 Enghelbertus,

147 1084 338 1159 persuasus
363 1084 385 1130 a
407 1059 590 1131 nonnullis
610 1059 683 1131 suis
708 1057 918 1132 satellitibus
942 1058 1041 1155 quod
1069 1073 1214 1157 pactum

146 1201 213 1275 per
228 1201 291 1249 eos
307 1202 391 1250 cum
407 1177 548 1248 civitate
562 1191 797 1265 conventum,
814 1176 932 1274 nisise
947 1174 993 1247 ab
1011 1199 1055 1248 eo
1067 1176 1214 1248 redime·

146 1308 228 1366 rent
242 1300 271 1387 ¹,
296 1295 444 1366 minime
459 1294 527 1366 sibi
549 1294 718 1392 prodesse
743 1293 906 1382 deberet,
926 1294 1075 1391 stipatus
1096 1296 1214 1367 multis

145 1411 320 1503 rutheris,
343 1411 391 1483 ad
410 1436 473 1483 eos
492 1410 704 1508 praedandos
721 1426 828 1507 atque
851 1410 1071 1509 diripiendos
1093 1413 1210 1484 exivit.

147 1529 222 1616 Qui
242 1553 328 1600 curn
351 1528 440 1599 nihil
453 1528 581 1600 hostile
600 1529 839 1628 suspicantes,
858 1554 933 1601 non
950 1545 1132 1601 curassent
1150 1555 1210 1601 ne-

146 1667 220 1740 que
236 1643 337 1717 bona
354 1668 419 1716 sua
435 1643 608 1716 divertere
626 1659 688 1716 aut
705 1645 889 1738 occulere,
910 1644 1144 1716 nihilominus
1162 1647 1215 1717 di·

146 1761 258 1857 reptis
287 1776 323 1833 et
349 1761 458 1859 raptis
484 1784 717 1856 quaecumque
741 1760 875 1832 habere
899 1773 1111 1857 potuerant,
1138 1786 1213 1833 non
1272 1775 1274 1779 “

145 1873 337 1948 foederatos
365 1874 433 1946 sibi
462 1890 523 1947 eut
552 1873 741 1972 pacificos,
775 1874 837 1946 sed
860 1875 980 1946 hostes
1006 1875 1214 1947 saevissimos

144 1991 359 2064 adventasse
381 2005 578 2064 senserunt.
599 1992 669 2078 Qui
686 2015 752 2063 nec
772 1992 930 2063 contenti
947 1991 1067 2088 praeda
1082 2006 1117 2063 et
1131 2016 1213 2090 spo·

145 2107 201 2179 liis
213 2109 439 2201 miserorum,
452 2107 559 2179 etiam
573 2131 699 2179 eorum
713 2104 842 2179 domos
853 2121 889 2178 et
901 2105 1105 2179 habitacula
1116 2107 1215 2181 flam-

147 2224 216 2297 mis
233 2223 425 2297 voracibus
441 2223 677 2296 tradiderunt.

195 2348 277 2414 llaec
298 2343 363 2414 suit
379 2344 495 2441 prima
518 2341 717 2441 expediti0,
743 2340 820 2411 haec
846 2342 963 2439 prima
988 2347 1208 2438 congressio,

145 2483 256 2557 quam
274 2485 339 2557 per
357 2459 583 2558 semetipsum
606 2458 722 2530 dictus
746 2456 1022 2554 Engbelbertus,
1047 2459 1212 2534 defensor

145 2575 285 2648 lirturus
301 2577 441 2675 patriae,
468 2575 567 2665 secit;
593 2574 638 2647 de
661 2599 733 2671 qua
758 2574 794 2644 in
818 2575 995 2646 civitatem
1015 2578 1213 2673 Trajecten-

144 2718 242 2784 sem,
274 2718 353 2790 quae
383 2691 485 2764 dictis
515 2689 715 2763 infelicibus
743 2690 813 2761 suis
844 2687 953 2762 fidam
986 2692 1210 2762 securitatem

147 2809 448 2896 venumdederat,
466 2808 635 2906 praeclara
649 2806 797 2902 hujusce
813 2821 945 2904 tvopaea
966 2808 1181 2904 importavit.
1290 2822 1293 2834 “

192 2926 355 2997 Tentavit
389 2939 508 2996 autem
542 2922 639 2993 idem
673 2920 951 3018 Enghelbertus,
987 2922 1060 2992 irno
1092 2922 1210 3019 potius

145 3056 301 3113 rectores
317 3042 467 3114 civitatis
496 3055 532 3111 et
562 3037 722 3112 sectionis
746 3037 873 3126 duces,
903 3038 1025 3109 accitis
1050 3052 1210 3111 exterra

146 3158 300 3231 Clivensi
321 3160 454 3259 copiis,
481 3182 569 3255 quas
594 3156 728 3228 eisdem
750 3155 822 3228 dux
851 3155 1022 3227 Clivensis
1052 3156 1089 3226 in
1112 3157 1212 3228 auxi-

146 3274 234 3346 lium
259 3277 420 3366 miserat,
443 3275 575 3372 pariter
599 3298 683 3344 cum
708 3273 801 3360 suis,
827 3287 902 3343 tam
924 3271 1077 3343 rutberis
1102 3295 1210 3370 quam

146 3389 301 3480 civibus,
322 3414 413 3489 quos
428 3415 512 3462 cum
530 3386 751 3459 Clivensibus
771 3386 1005 3483 adjunxerant
1017 3392 1047 3478 ²,
1072 3390 1128 3459 vel
1151 3414 1211 3460 ex·

146 3507 383 3605 pugnatione,
409 3505 472 3611 vel·
492 3505 579 3577 alias
606 3503 787 3576 deditione
816 3505 886 3576 loci
917 3505 1118 3577 incolarum
1143 3506 1210 3577 sibi

146 3624 329 3721 acquirere
341 3639 376 3695 et
392 3624 449 3695 sui
461 3622 550 3719 juris
566 3620 705 3694 efficere
722 3619 936 3720 oppidulum
960 3621 1006 3694 de
1021 3621 1206 3712 Iselrter'n,

146 3743 325 3815 acivitate
348 3766 422 3813 non
445 3740 597 3838 amplius
618 3764 693 3810 uno
718 3738 859 3811 milliari
876 3739 997 3837 patriae
1015 3754 1205 3811 remotum.

147 3863 231 3932 Erat
246 3859 343 3930 enim
360 3858 431 3929 illic
448 3854 650 3955 praesidium
667 3856 821 3927 militurn
839 3857 922 3929 satis
938 3857 1103 3928 infestum
1124 3854 1209 3927 civi·

145 3975 228 4064 tati,
259 3974 380 4072 etqui
412 3971 468 4044 vel
494 3969 541 4043 ad
570 3971 748 4043 civitatem
780 3971 1006 4062 accedentes,
1037 3970 1093 4041 vel
1125 3968 1209 4041 inde

187 4144 216 4200 l.
238 4142 294 4199 Ms.
309 4159 360 4195 nec
372 4159 452 4200 sa...
469 4137 655 4194 redemerant.

156 4235 159 4239 ’
185 4236 215 4296 2.
235 4232 402 4297 Matthaeus,
417 4232 601 4289 advexerant.
