2946 5070
573 497 683 553 unua
703 495 891 553 surtinus
960 524 964 531 ·
1207 499 1265 555 137

201 626 287 701 dem
313 626 444 701 ducem
469 629 689 722 Glocestriae,
719 653 764 701 ue
790 629 837 700 ad
863 628 1006 701 culmen
1033 630 1131 725 regni
1159 632 1265 704 etiam

201 744 338 843 absque
354 745 537 843 sacrilegio
559 744 836 837 conscenderet,
859 744 1147 843 archiepiscopus
1173 746 1267 820 Ebo-

202 862 357 936 racensis
381 877 418 934 et
435 864 625 962 episcopus
643 864 829 955 llliensis',
849 864 971 959 magni
987 863 1148 960 ejusdem
1166 870 1265 962 regni

201 983 358 1083 praelati,
382 983 456 1078 qui
482 983 529 1054 ad
557 982 653 1054 idem
678 996 832 1054 castrum
857 982 1069 1054 consulendi
1092 1006 1199 1055 causa
1220 983 1266 1056 de

201 1095 355 1197 publicis
378 1099 479 1194 regni
506 1099 656 1193 negotiis
683 1098 824 1170 lucrant
845 1098 1023 1185 accersiti,
1050 1099 1211 1194 eoquod
1231 1114 1266 1171 et

202 1215 269 1312 ipsi
285 1214 462 1287 voluntati
477 1214 578 1286 ducis
594 1214 741 1286 minime
762 1214 1015 1288 consentirent.

251 1329 377 1403 Occidi
393 1346 514 1403 autem
538 1330 617 1402 lecit
633 1346 669 1402 et
690 1330 782 1403 duos
798 1329 891 1404 lilios
907 1331 1055 1427 reginae,
1082 1356 1173 1428 quos
1189 1332 1266 1430 ipsa

200 1470 245 1519 ex
275 1447 397 1544 priore
431 1447 559 1519 marito
593 1462 816 1546 susceperat,
849 1463 1041 1546 antequam
1076 1449 1152 1548 ipsa
1182 1474 1264 1520 cum

200 1559 372 1634 Eduardo
399 1564 585 1660 nupsisset.
608 1568 726 1662 lpsam
747 1579 886 1656 autem,
908 1588 987 1661 quae
1012 1559 1059 1636 ad
1085 1564 1265 1637 Westmo·

201 1678 413 1772 nasterium,
441 1678 582 1751 tuenda
599 1680 679 1751 vitae
695 1703 738 1751 ac
754 1680 874 1751 salutis
893 1704 1016 1769 causa,
1038 1680 1262 1776 confugerat,

201 1794 334 1866 dicitur
360 1793 586 1867 observatam
616 1810 651 1867 et
677 1795 841 1870 clausura
866 1796 985 1869 talida
1009 1796 1266 1869 circumdatam

202 1911 318 1985 lacere
344 1912 527 1984 custodiri.
557 1911 715 1984 Eduardi
737 1926 857 1985 autem
877 1912 969 1984 filios
996 1913 1097 1984 aiunt
1113 1913 1149 1984 in
1171 1913 1266 1986 dicta

200 2027 302 2098 'lurri
324 2025 613 2118 Londoniarum,
633 2027 739 2099 etiam
766 2026 928 2128 apposita
953 2027 1135 2121 custodia,
1159 2052 1267 2100 asser·

199 2144 289 2214 vari.
317 2142 541 2239 adquorum
559 2141 808 2215 liberationem
832 2169 917 2216 cum
942 2170 986 2216 ex
1008 2143 1268 2215 Londoniensi·

199 2255 269 2331 bus
287 2259 427 2331 circiter
443 2260 702 2356 quinquaginta
722 2262 789 2332 viri
805 2261 1070 2357 conjurassent,
1089 2261 1266 2332 aestiman-

200 2390 253 2449 tes
285 2376 533 2471 verisimiliter,
562 2379 619 2449 eis
637 2380 822 2475 ‘negotium
852 2376 1126 2471 inchoantibus,
1154 2392 1265 2451 totam

200 2516 286 2564 cum
302 2492 387 2590 ipsis
412 2492 459 2566 ad
485 2493 522 2566 id
539 2493 798 2592 perficiendum
817 2497 1039 2570 commoveri
1064 2495 1263 2588 civitatem,

200 2632 284 2687 cum
301 2607 483 2704 sequelam
506 2609 642 2682 nullam
671 2610 868 2701 haberent,
892 2613 928 2683 in
953 2613 1093 2684 irritum
1116 2627 1267 2684 conatus

201 2748 330 2797 eorum
358 2725 480 2818 cessit,
505 2741 541 2796 et
560 2751 603 2798 es
625 2727 708 2824 ipsis
729 2741 883 2823 quatuor
908 2729 1002 2825 capti
1029 2727 1145 2826 capite
1174 2726 1267 2826 plexi

201 2857 297 2913 sunt.
324 2844 452 2915 Vivant
477 2866 563 2914 vero
593 2843 660 2941 ipsi
683 2846 785 2942 pueri
812 2845 919 2941 regii,
941 2859 1002 2916 aut
1028 2844 1129 2939 jussu
1159 2843 1268 2940 ipsius

202 2961 257 3032 sui
280 2960 383 3058 impii
408 2959 526 3057 patrui
551 2961 668 3033 necati
691 2963 783 3050 sint,
810 2962 985 3033 incertum
1002 2959 1175 3049 habetur3
1204 2958 1267 3030 sed

201 3076 354 3149 alterum
369 3075 477 3172 longe
493 3075 717 3148 verisimilius
732 3078 877 3167 exsistit,
892 3077 989 3173 quia,
1011 3075 1185 3171 quamdiu
1201 3076 1267 3172 ipsi

201 3193 406 3292 superstites
422 3206 523 3284 suut,
544 3215 619 3278 nou
640 3194 706 3264 erit
723 3194 787 3265 iste
805 3193 960 3266 intrusus
976 3218 998 3266 a
1015 3190 1268 3266 rebellionibus

201 3322 237 3383 et
257 3307 493 3380 seditionibus
515 3308 616 3381 nullo
641 3308 753 3382 modo
770 3334 934 3400 securus;
955 3310 1055 3406 quod
1076 3333 1143 3381 nec
1159 3300 1267 3380 etiam

203 3426 288 3524 ipsis
304 3425 483 3497 exstinctis
504 3425 630 3523 procul
654 3424 781 3516 dubio,
798 3440 940 3498 attenta¹
953 3425 1132 3523 pronitate
1148 3449 1266 3523 popu·

197 3541 322 3623 lorum
340 3541 433 3612 illius
455 3541 555 3637 regni
578 3541 623 3614 ad
648 3541 841 3614 seditiones
860 3557 896 3613 et
919 3540 1109 3634 sactiones,
1129 3540 1267 3611 iuturus

200 3657 280 3729 erit.
600 3750 601 3754 Ἰ
1111 3726 1114 3730 i

252 3777 333 3847 Non
350 3775 448 3846 enim
467 3799 602 3848 novum
619 3790 672 3847 est
688 3789 750 3847 aut
765 3798 889 3846 recens
902 3774 995 3847 illius
1007 3776 1132 3873 populi
1144 3799 1263 3871 reges,

202 3893 388 3965 concitatis
405 3891 594 3965 adversum
611 3917 647 3963 se
665 3891 919 3984 seditionibus,
935 3892 994 3963 vel
1008 3892 1198 3963 exstinctos
1211 3893 1266 3962 vel

244 4151 273 4205 l.
297 4146 421 4206 Thomas
439 4147 613 4219 Rotheram,
632 4146 812 4226 archeveque
833 4148 960 4219 d’Yorl‚
985 4160 1013 4205 et
1039 4145 1116 4208 John
1131 4149 1264 4219 Morton,

203 4241 315 4320 evdque
326 4240 421 4316 d’tty.
