2946 5070
402 464 407 475 '
493 492 601 548 unm
622 490 826 550 summoue.
1130 487 1187 543 ees

124 628 180 700 rir
205 640 347 703 sunaus
369 621 564 722 aliquando
587 637 784 721 praeceptor
806 620 952 718 iuerat),
970 619 1110 716 sibique
1130 645 1190 692 ex-

123 742 302 843 probrans
316 742 477 815 Julianus
494 739 628 813 diceret
644 739 773 835 gratias
786 761 823 810 se
841 759 945 834 agere
956 736 1024 809 diis
1038 733 1190 808 deabus·
1266 800 1270 807 .

125 882 196 957 que
212 859 284 932 suis
300 856 400 957 quod
412 880 496 928 eum
512 878 645 927 caeoum
660 850 797 924 videret
814 878 822 922 ε
838 880 856 921 e
873 851 1023 938 Gratias,
1042 882 1060 917 x
1075 851 1193 948 inquit

127 975 180 1045 vir
192 974 250 1046 ille
267 988 422 1064 sanctus,
453 1001 470 1039 s
488 995 555 1066 ago
572 969 722 1042 domino
739 972 821 1040 lesu
836 969 990 1060 Christo,
1010 971 1193 1041 Nazareno

126 1086 309 1179 crucifixo,
326 1087 411 1183 quia
430 1100 463 1157 te
480 1109 554 1156 non
573 1084 695 1172 video;
718 1111 735 1150 u
755 1082 870 1178 majus
885 1082 1046 1181 prolecto
1063 1083 1197 1182 suppli-

126 1205 222 1275 cium
238 1226 302 1275 sua
315 1201 467 1275 orbitate
481 1214 661 1298 reputem,
677 1197 776 1297 quod
790 1199 932 1296 tyranni
944 1198 1082 1270 vultum
1095 1200 1195 1299 impii

126 1335 162 1392 et
178 1320 332 1393 crudelis
350 1319 569 1417 inspexisset.

176 1438 268 1509 Mala
284 1460 369 1508 vero
393 1435 505 1532 gentis
528 1447 657 1507 nostrae
673 1447 709 1505 et
729 1446 936 1506 sanctorum
954 1431 1125 1529 regnique
1142 1447 1196 1505 to·

127 1553 195 1624 tius
215 1568 250 1625 et
270 1552 473 1625 accolarum
499 1550 608 1648 ipsius
631 1571 808 1620 aerumnas
824 1561 860 1619 et
883 1548 1099 1620 calamitates
1117 1573 1197 1646 per·

127 1669 313 1762 maximas,
331 1668 395 1740 etsi
420 1667 470 1738 eis
494 1666 672 1739 medelam
689 1665 746 1737 vel
770 1664 907 1736 nullam
930 1664 986 1736 vel
1009 1666 1197 1739 minimam

127 1800 316 1883 praesentes
332 1783 458 1856 afferre
473 1783 725 1882 potuissemus,
746 1781 860 1853 oculis
879 1795 999 1853 tamen
1024 1781 1199 1879 inspicere

128 1926 204 1973 non
217 1923 476 1973 recusassemus
492 1924 558 1975 nec
573 1923 833 1986 recusaremus,
852 1913 888 1970 et
905 1897 991 1969 llere
1008 1921 1091 1969 cum
1110 1897 1198 1970 ssen-

128 2015 243 2108 tibus,
273 2041 413 2113 gemere
445 2040 529 2088 cum
559 2013 802 2113 gementibus,
833 2013 902 2085 nisi
931 2026 1200 2110 persecutorum

128 2133 299 2205 violentia
313 2146 349 2205 et
363 2132 647 2206 immanitasnos
657 2155 804 2230 prorsus
819 2153 842 2203 a
855 2129 955 2226 regni
963 2143 999 2201 et
1006 2128 1200 2226 provinciae

129 2245 261 2321 linibus
276 2247 529 2347 prohibuisset,
546 2245 853 2345 quemadmodum
868 2247 906 2317 in
922 2243 1199 2344 superioribusa

130 2362 237 2434 nobis
260 2363 390 2436 exstitit
411 2363 552 2462 plenius
577 2378 794 2436 enarratum.
825 2363 959 2433 Contra
991 2385 1081 2458 quas
1115 2385 1199 2434 cum

131 2479 229 2550 nulla
245 2503 328 2576 ope,
354 2479 485 2552 nullius
506 2480 785 2571 interventione,
808 2479 908 2550 nullo
926 2480 1127 2578 patrocinio
1143 2504 1199 2552 re·

131 2595 290 2668 medium
307 2596 468 2669 invenire
489 2619 699 2669 concessum
716 2595 838 2688 fuerit,
863 2595 927 2667 sed
945 2618 966 2667 a
981 2596 1105 2694 patriis
1120 2595 1200 2668 lari·

128 2716 211 2809 bus,
230 2739 251 2788 a
268 2716 378 2789 natali
396 2717 475 2789 solo
491 2731 526 2789 et
542 2739 564 2788 a
580 2731 657 2789 toto
673 2716 834 2790 exsulare
853 2717 1052 2815 oportuerit
1069 2740 1195 2812 regno,

130 2856 278 2930 magnas
294 2831 449 2931 proinde
470 2832 598 2930 gratias
618 2857 685 2906 nos
707 2831 838 2907 debere
858 2836 937 2904 Deo
959 2833 1198 2932 omnipotenti

129 2948 342 3047 profitemur
356 2964 465 3046 atque
484 2948 786 3046 recognoscimus,
802 2947 902 3047 quod
921 2973 1038 3047 neque
1054 2950 1197 3046 tyranni

131 3064 269 3138 vultum
293 3065 482 3166 inspicere,
499 3088 619 3163 neque
639 3088 764 3139 eoram
786 3088 831 3138 eo
853 3056 973 3138 sistere
995 3066 1052 3137 rel
1077 3067 1111 3138 ei
1132 3089 1196 3165 pa·

131 3204 221 3276 rere,
241 3206 308 3255 nec
326 3180 490 3281 publicas
506 3182 734 3280 privatusque
754 3181 863 3254 totius
880 3181 1035 3280 regionis
1050 3182 1196 3254 calami·

132 3310 221 3371 tates
235 3297 366 3372 intueri
381 3298 513 3373 nostris
528 3297 642 3372 oculis
657 3294 867 3373 babeamus.

179 3414 255 3487 Tali
279 3414 478 3489 infortunio
511 3438 579 3489 nos
606 3427 811 3515 reputantes
838 3429 1034 3513 utcumque
1058 3416 1192 3501 felices,

130 3532 294 3628 lugemus
318 3531 552 3629 profecturo
578 3532 735 3606 multum
764 3540 808 3605 e'x
838 3531 971 3604 intimis
1004 3531 1197 3605 visceribus

131 3646 367 3723 condolemus
387 3647 600 3723 miserandae
622 3648 744 3748 patriae
760 3655 908 3749 ejusque
932 3646 1132 3721 infelicibus
1149 3650 1198 3722 ci·

130 3762 253 3857 ribus,
271 3762 389 3863 quod,
408 3764 488 3837 Deo
503 3764 746 3865 permittente,
771 3764 877 3837 talem
894 3778 1039 3860 tamque
1055 3765 1197 3838 misera·

131 3879 243 3954 bilem
271 3892 406 3954 sortem
431 3881 653 3976 invenerint,
679 3880 856 3979 tantisque
878 3879 1107 3952 servitutibus
1126 3882 1197 3952 sint

131 3995 286 4091 addicti,
315 3996 366 4069 sic
395 3994 498 4094 quod
519 4020 601 4091 eos,
625 3996 754 4097 procul
777 3995 907 4090 dubio,
935 3996 1003 4069 sub
1024 3998 1086 4070 tali
1101 4013 1197 4071 sorte

132 4112 274 4210 gravius
282 4126 390 4209 atque
403 4110 592 4207 infelicius,
605 4136 716 4210 quam
725 4137 794 4187 nos
809 4114 906 4212 ipsos
918 4137 981 4186 seu
992 4113 1080 4187 alios
1093 4138 1199 4212 quos·

131 4227 234 4321 libet,
252 4226 472 4303 miserabiles
486 4252 590 4305 carus
603 4245 782 4331 expertus,
797 4230 957 4303 exsulare
971 4254 1047 4303 non
1060 4230 1201 4305 dubite-

230 4364 269 4409 m
1001 4350 1041 4409 tt
