2946 5070
207 490 266 548 186
478 487 734 546 ntsrotuanttu
753 486 931 546 Luoovrcl
950 489 993 544 XI

208 624 291 694 tutis
308 624 344 694 in
362 645 406 693 eo
429 622 533 692 luisse
549 621 755 718 reperimus.
776 623 837 690 Est
850 620 946 690 enim
960 619 1131 692 fortitudo
1151 624 1267 696 excel·

207 740 284 812 lens
301 740 411 811 animi
436 737 643 834 magnitudo
668 737 714 809 ad
740 736 927 809 obeundos
954 736 1095 810 labores
1115 752 1153 810 et
1174 741 1269 837 peri-

209 857 305 949 cula,
338 855 384 927 ad
412 853 687 953 propulsandas,
719 878 794 925 non
824 852 870 925 ad
894 852 1096 925 inserendas
1122 855 1268 950 injurias

209 996 276 1069 pro
293 974 402 1044 salute
425 972 621 1044 communi.
648 975 698 1042 Ea
718 971 813 1042 enim
833 972 943 1042 animi
960 972 1084 1064 elatio,‘
1099 997 1179 1069 quae
1194 998 1269 1045 cer·

211 1088 305 1160 nitur
321 1088 357 1159 in
377 1088 541 1186 periculis
554 1102 589 1160 et
604 1086 798 1180 laboribus,
815 1087 843 1158 si
854 1088 988 1182 justitia
1002 1101 1104 1160 vacat
1120 1104 1269 1186 pugnat·

209 1227 278 1300 que
298 1230 372 1275 nou
389 1229 455 1302 pro
474 1204 584 1275 salute
600 1204 797 1294 communi,
811 1203 873 1274 sed
884 1228 951 1300 pro
965 1204 1037 1274 suis
1052 1204 1266 1294 commodis,

210 1319 245 1389 in
265 1322 351 1391 vitio
367 1336 437 1409 est,
461 1334 500 1391 ut
518 1321 632 1414 inquit
648 1321 771 1391 Cicero
787 1320 953 1417 praclare
972 1321 1009 1390 in
1030 1321 1102 1391 suis
1119 1320 1265 1393 Officiis.

210 1437 301 1508 llinc
322 1452 373 1508 est
396 1452 431 1507 et
452 1436 539 1508 illud
563 1437 771 1534 praeclarum
796 1436 976 1507 Platonis:
1002 1437 1266 1529 «sicutenim,

210 1553 337 1649 inquit,
357 1555 503 1626 scientia
518 1577 596 1649 quae
614 1568 752 1626 remota
766 1566 819 1624 est
834 1577 856 1625 a
870 1553 1003 1649 justitia
1019 1553 1193 1625 calliditas
1205 1578 1270 1652 po—

211 1670 280 1742 tius
295 1696 403 1768 quarn
421 1672 565 1743 scientia
582 1685 634 1743 est
655 1668 883 1769 appellanda,
903 1670 961 1739 ita·
972 1671 1113 1740 animus
1129 1684 1270 1767 paratus

210 1786 256 1860 ad
284 1788 501 1885 periculum,
527 1789 555 1858 si
580 1812 644 1859 sua
674 1785 867 1884 cupiditate
894 1786 1013 1884 potius
1040 1808 1152 1884 quam
1177 1811 1270 1858 com·

211 1904 312 1973 muni
331 1905 479 1975 utilitate
496 1901 701 2000 impellitur,
724 1901 880 1973 audaciae
898 1901 1018 1997 potius
1045 1925 1181 1973 nomen
1207 1902 1270 1974 ha·

212 2016 401 2116 helquam
426 2017 692 2091 fortitudinis.»
719 2021 840 2120 Fortes
861 2017 967 2111 igitur
991 2030 1027 2087 ct
1053 2017 1271 2114 magnanimi

212 2151 294 2208 sunt
317 2137 494 2230 habendi,
526 2161 601 2208 non
631 2137 692 2232 qui
715 2134 863 2223 faciunt,
886 2134 949 2205 sed
971 2135 1186 2233 propulsant
1206 2157 1270 2232 pro

212 2254 397 2324 communi
418 2253 565 2324 utilitate
587 2252 763 2348 injuriam.

262 2369 344 2436 Hac
358 2381 477 2439 autem
492 2382 611 2439 utrum
625 2367 778 2458 bomini,
797 2366 842 2437 de
858 2389 932 2461 quo
949 2364 1056 2436 nobis
1074 2388 1194 2435 sermo
1207 2379 1268 2456 est,

212 2481 441 2573 conveniant,
462 2496 497 2553 ct
510 2483 546 2552 in
564 2507 608 2553 eo
625 2482 774 2552 inveniri
791 2481 985 2578 potuerint,
1002 2479 1268 2575 inquirendum.

264 2599 382 2669 Primo
406 2598 551 2695 quidem
577 2600 614 2668 in
648 2622 693 2669 eo
722 2597 768 2669 ad
793 2595 961 2667 obeunda
986 2596 1146 2694 pericula
1179 2596 1271 2667 nulla

214 2715 353 2786 videtur
374 2715 478 2787 luisse
499 2717 607 2786 animi
633 2713 855 2809 magnitudo,
878 2715 927 2785 ita
949 2714 1110 2811 prolecto
1134 2728 1191 2805 nt,
1210 2738 1271 2784 nec

212 2855 296 2902 eum
320 2858 400 2904 rere
418 2833 590 2904 audacem
611 2831 733 2928 (quod
752 2832 878 2901 vitium
896 2845 947 2901 est
971 2830 1172 2901 fortitudini
1191 2856 1273 2902 con·

215 2948 398 3043 tranium),
417 2949 478 3020 sed
499 2947 664 3018 timidtun
680 2947 815 3044 potius,
833 2946 1093 3043 pusillanimem
1114 2970 1158 3017 ac
1178 2947 1271 3042 luga·

214 3087 292 3133 cem
309 3064 426 3135 dicere
444 3064 650 3135 debeamus.
671 3067 767 3133 Duas
791 3087 936 3157 magnas
952 3063 1199 3160 expeditiones
1212 3088 1273 3161 per

215 3181 440 3276 semetipsum
453 3182 640 3251 adversum
650 3180 778 3251 ducem
792 3181 978 3250 Britanniae
991 3179 1156 3251 <luctasse
1171 3206 1272 3278 supra

216 3294 428 3363 retulimus¹.
457 3300 495 3365 ln
523 3297 654 3392 prima,
679 3320 762 3366 cum
786 3310 871 3366 tunc
888 3309 978 3364 esset
1003 3294 1111 3366 irater
1130 3321 1216 3366 suns
1239 3298 1272 3367 in

218 3412 409 3495 Britannia,
426 3438 656 3507 congregasse
676 3412 722 3483 de
742 3428 818 3483 toto
839 3414 949 3508 regdo
965 3436 1031 3482 suo
1047 3412 1226 3485 t'eoebarur
1238 3415 1271 3484 in

216 3528 461 3599 Cenomannia
480 3554 586 3625 supra
607 3529 788 3624 octoginta
809 3528 918 3600 millia
935 3528 1096 3626 peditum
1122 3545 1158 3599 et
1177 3532 1274 3626 equi·

216 3654 305 3711 tum.
329 3642 398 3712 Sed
415 3667 498 3714 cum
517 3658 589 3715 tam
613 3645 770 3716 calidum
787 3646 957 3739 ctiegissct
977 3646 1192 3736 exereitum,
1211 3669 1274 3715 nec

217 3755 373 3827 bostium
401 3782 566 3844 suonam,
596 3759 726 3855 quibus
752 3762 911 3858 proxime
931 3759 1115 3850 adstabat,
1137 3759 1274 3855 ingredi

216 3885 342 3957 terras,
365 3898 432 3944 uec
453 3874 649 3970 quidquam
673 3878 853 3972 egregium
877 3890 1050 3948 attentam
1072 3899 1182 3948 ausus
1203 3890 1274 3965 cst;

216 3987 277 4057 sed
291 4013 393 4059 exesa
414 4004 447 4058 et
464 4015 607 4085 prorsus
620 3992 799 4063 exinanita
815 3993 928 4088 patria
943 3992 1003 4063 illa
1020 3992 1276 4063 Cenomanniae

260 4231 653 4305 naupraedam.
