2946 5070
497 528 607 585 uuna
625 528 776 586 PRIMUS.
1113 527 1172 585 205

112 656 183 729 fide
217 657 273 752 agi
302 673 337 729 et
371 683 445 730 non
479 659 646 730 insidiose
683 658 740 731 vel
778 657 902 731 dolose
935 661 1174 734 existimantes

114 773 433 873 (quemadmodum
460 790 496 847 et
525 775 752 868 autumabat,
767 820 769 825 -
782 791 818 847 et
841 775 1047 850 confidebat
1077 776 1173 850 idem

111 891 363 964 illustrissimus
390 892 461 966 dux
498 891 727 990 Normaniae)‚
762 917 844 965 cum
876 916 921 966 eo
947 896 1170 966 accessimus.

112 1007 200 1100 Ubi,
227 1032 311 1080 cum
337 1023 468 1081 statuto
494 1007 552 1081 die
568 1008 640 1082 illic
653 1033 720 1081 nec
746 1008 818 1082 dux
836 1009 1025 1103 borbonii,
1049 1035 1116 1083 nec
1130 1035 1174 1083 ex

111 1125 183 1195 suis
207 1123 350 1221 collegis
373 1123 501 1221 aliquis
527 1138 795 1224 comparerent,
828 1147 894 1196 nec
930 1126 1038 1198 etiam
1064 1125 1175 1200 altera

111 1239 183 1329 die,
194 1263 287 1336 quos
300 1254 420 1313 tamen
433 1240 509 1336 jam
526 1263 590 1341 per
606 1239 815 1339 pluresdies
830 1241 1031 1314 antefuisse
1048 1243 1175 1315 Drocis

110 1355 310 1428 sciebamus
326 1354 440 1453 (quod
455 1370 509 1429 est
527 1355 702 1455 oppidum
724 1379 747 1429 a
769 1357 979 1430 Loco-Veris
1001 1358 1093 1430 ultra
1108 1359 1174 1430 iter

110 1471 182 1545 diei
202 1473 308 1544 unius
332 1497 406 1544 non
437 1472 644 1569 remotum),
670 1474 844 1571 coepimus
872 1472 1101 1546 vehementer
1127 1474 1174 1547 dc

110 1587 247 1660 insidiis
260 1604 297 1659 et
312 1587 446 1661 dolosis
452 1590 665 1662 commentis
675 1590 845 1690 suspicari
857 1604 894 1663 et
903 1592 1075 1691 ancipites
1083 1618 1170 1664 esse.

134 1706 231 1777 lies
263 1719 340 1781 tum
366 1707 512 1779 Carnoti
534 1720 612 1778 erat
636 1730 720 1778 cum
750 1707 890 1804 maguis
919 1709 1054 1805 copiis,
1086 1732 1175 1804 quas

109 1822 216 1894 etiam
246 1846 290 1893 ex
321 1823 427 1895 variis
455 1822 544 1895 locis
570 1821 825 1919 undecumque
842 1836 1002 1922 poterat,
1031 1824 1068 1895 in
1099 1823 1176 1897 dies

109 1936 345 2017 contrahebat
369 1953 406 2010 et
427 1938 592 2036 augebat.
611 1940 702 2011 Cum
724 1937 1113 2039 itaque,-.0pperiend0
1139 1953 1175 2011 et

108 2053 347 2150 praestolando
375 2052 477 2126 dictae
496 2054 684 2152 legationis
700 2055 803 2151 regiae
821 2054 1038 2148 adventum,
1056 2058 1094 2128 in
1116 2081 1176 2129 eo·

108 2168 192 2242 dem
208 2172 290 2245 loco
309 2187 378 2243 tres
393 2172 470 2244 dies
485 2172 762 2267 detrivissemus,
786 2173 960 2273 coepimus
975 2171 1021 2245 de
1038 2197 1080 2247 ea
1103 2199 1174 2271 qua

108 2285 243 2360 detenti
255 2289 444 2361 fueramus·
456 2291 658 2389 suspicione
673 2304 781 2387 atque
799 2289 982 2389 ancipitio,
1000 2290 1175 2389 patefacta

108 2417 145 2473 et
160 2405 198 2476 iu
215 2401 334 2477 lucem
350 2403 496 2504 prodita
519 2407 687 2499 veritate,
704 2405 876 2482 certiores
887 2403 1004 2478 reddi.
1023 2410 1112 2478 Nam
1127 2408 1174 2480 ad

110 2543 177 2591 nos
201 2518 263 2593 illo
292 2544 335 2592 ex
360 2518 522 2595 Ebroicis
547 2522 711 2615 civitate,
737 2522 897 2620 quinque
919 2545 996 2594 uon
1022 2524 1175 2622 amplius

108 2634 218 2708 leucis
237 2651 377 2710 remota
406 2651 513 2735 atque
540 2635 712 2731 distante,
737 2637 977 2711 adventarunt
998 2639 1085 2711 certi
1108 2663 1175 2711 no·

109 2749 199 2824 biles
210 2768 338 2825 nostrae
346 2750 521 2846 dioecesis,
537 2753 644 2827 nobis
659 2752 848 2827 familiares
863 2767 970 2849 atque
983 2754 1171 2847 notissimi,

110 2868 173 2964 qui
211 2867 318 2940 nobis
355 2868 554 2942 retulerunt
586 2871 738 2968 qualiter
771 2869 937 2942 besterna
974 2865 1054 2960 die,
1090 2893 1174 2941 cum

110 2983 157 3056 ad
188 3010 268 3058 eam
298 2987 476 3066 civitatem
504 2989 705 3079 accessisset
739 2984 812 3058 dux
840 2982 1032 3075 Borbonii,
1073 2986 1181 3081 quasi-

110 3103 297 3174 transitum
314 3127 380 3201 per
397 3126 477 3175 eam
493 3102 585 3199 (erat
601 3103 698 3175 enim
715 3103 784 3175 iter
801 3116 939 3175 rectum
956 3099 1003 3173 ad
1021 3104 1173 3172 [ocum-

112 3216 237 3314 Veris),
255 3218 308 3290 uti
325 3217 534 3291 condictum
548 3217 682 3311 luerat,
702 3217 879 3305 facturus,
896 3229 949 3308 et,
970 3239 1013 3287 ex
1030 3214 1175 3313 speciali

110 3332 281 3407 mandato
304 3335 397 3408 sacto
418 3336 606 3434 capitaneo
631 3334 801 3411 civitatis,¹
817 3348 852 3406 et
867 3333 939 3407 loci
957 3331 1095 3405 civibus
1110 3320 1175 3430 per

110 3450 239 3527 ducem
259 3454 505 3545 Normanniae,
532 3465 629 3526 totus
651 3452 768 3524 clerus
793 3465 830 3524 et
849 3449 1005 3549 populus
1023 3449 1175 3523 civitatis

109 3568 418 3664 processionaliter
432 3594 517 3640 cum
543 3566 728 3656 crucibus,
751 3569 860 3640 sacris
877 3567 1035 3663 reliquiis
1058 3582 1094 3639 et
1113 3591 1173 3638 ve·

111 3681 201 3756 xillis
223 3683 423 3758 inobviam
439 3683 556 3758 eidem
577 3686 662 3761 duci
679 3684 850 3759 Borbouii
865 3684 1075 3771 exivissem,
1098 3706 1173 3754 non

111 3799 230 3871 miurus
254 3801 372 3901 eidem
401 3803 586 3898 gestientes
616 3802 852 3874 reverentiam
883 3813 989 3897 atque
1015 3797 1175 3869 bonores

110 3914 279 3989 exhibere
301 3942 412 4014 quam
432 3942 498 3990 suo
519 3917 603 3990 duci
621 3915 758 3990 deferre
777 3917 976 4015 potuissent
993 3914 1061 4009 (ita
1077 3913 1174 3983 enim

111 4043 151 4100 ut
174 4030 250 4104 baec
284 4033 459 4126 facerent,
497 4047 537 4105 ut
565 4033 736 4122 diximus,
768 4044 981 4130 ¹acceperant
1004 4029 1043 4100 in
1071 4051 1173 4100 man·

152 4192 181 4247 l.
204 4188 305 4248 C'etait
315 4191 387 4246 Jean
403 4186 440 4246 de
455 4185 610 4257 Lorraine,
624 4198 718 4244 comte
736 4184 773 4242 de
791 4187 946 4252 Heroourt,
957 4179 1008 4258 qui
1021 4197 1173 4241 comman-

111 4282 170 4342 dait
183 4283 259 4342 alors
273 4285 290 4340 i
304 4274 432 4341 livreux.
