2946 5070
199 471 256 527 tta
471 470 730 528 alstonttatut
751 472 928 553 LUDOOEI
949 473 991 529 XI

199 605 276 675 imo
295 603 414 674 verius
436 605 556 674 mitius
580 605 715 676 malum
733 620 827 694 erat,
848 606 947 704 quod
974 608 1010 679 in
1029 607 1086 679 bis
1100 607 1262 680 civilibus

199 717 413 791 factionibus
438 733 474 790 et
498 719 736 792 seditionibus
759 724 978 818 sanguinarii
997 748 1072 795 non
1100 723 1260 813 fuerunt,

198 834 502 932 quemadmodum
528 861 619 934 saepe
642 839 682 909 in
704 837 836 909 talibus
851 837 1014 910 civilibus
1030 839 1263 912 seditionibus

198 951 297 1022 omni
323 950 541 1023 crudelitatis
558 976 686 1048 genere
702 953 794 1024 inter
817 978 863 1024 se.
881 935 1078 1027 desaeviisse
1101 979 1263 1054 comper·

199 1081 274 1136 tum
295 1081 367 1156 est3
392 1065 456 1138 sed
480 1069 804 1167 proscriptionibus
827 1069 884 1142 vel
909 1069 1051 1142 civibus
1069 1070 1163 1143 intra
1186 1094 1264 1143 mas

198 1183 291 1256 ades
307 1182 443 1254 recludi
454 1183 581 1277 jussis,
598 1199 638 1256 ut
653 1185 867 1282 plurimum,
877 1184 1087 1259 sistebatur.

468 1564 471 1571 ,
569 1476 823 1559 cierrunuu
851 1482 909 1551 iv.

200 1682 238 1734 lle
256 1682 336 1752 longa
353 1679 535 1751 protractione
555 1678 665 1730 miserita
685 1689 710 1729 et
730 1676 884 1730 calamitatis
907 1677 1020 1730 civitatis
1038 1677 1221 1749 Tnientens'n·
1234 1696 1263 1730 er

513 1763 613 1836 malitia
625 1780 735 1816 suorum
749 1773 926 1834 tyrannorum
941 1763 961 1816 ¹.

248 1945 305 2017 stc
327 1944 463 2042 itaque,
484 1957 524 2013 ut
545 1944 662 2043 priuS,
686 1940 813 2015 misera
838 1943 963 2014 civitas
983 1940 1050 2014 sub
1076 1943 1264 2015 interdicto

199 2061 398 2163 apostolico
431 2075 467 2134 et
493 2058 560 2131 sub
590 2059 824 2131 anathematis
852 2043 1058 2156 gravissima
1092 2084 1261 2154 censura,

199 2178 320 2277 quoad
345 2204 408 2252 eos
431 2178 528 2276 ipsos
553 2177 614 2273 qui
633 2166 861 2276 occupabant
884 2175 984 2248 bona
1005 2193 1068 2249 aut
1099 2177 1182 2274 jura
1213 2177 1265 2248 sui

199 2293 397 2392 pontilicis,
428 2292 486 2365 vel
520 2291 782 2391 occupantibus
816 2293 1007 2384 auiilium,
1051 2294 1263 2386 consilium,

198 2409 255 2480 vel
274 2410 432 2483 savorem
449 2409 486 2480 in
503 2433 546 2480 ea
570 2434 608 2480 re
631 2405 863 2511 praestabant,
884 2426 919 2481 et
945 2408 1011 2481 sub
1039 2409 1264 2508 impiissimo·

199 2551 280 2596 rum
301 2524 492 2597 hominum
512 2525 721 2623 tyrannide,
747 2526 784 2597 iu
809 2527 974 2598 omnium
995 2524 1042 2597 ad
1065 2551 1172 2597 usum
1189 2527 1264 2597 vitae

200 2643 479 2714 necessariorum
506 2642 658 2741 penuria
681 2656 717 2713 et
739 2642 881 2713 caristia
897 2641 1089 2739 languebat
1114 2666 1179 2740 per
1201 2666 1265 2712 an·

201 2784 268 2830 nos
284 2784 398 2858 prope
414 2759 519 2831 duos.
543 2763 587 2829 Et
603 2759 766 2856 quamvis
783 2760 820 2828 in
839 2757 1079 2831 conventibus
1092 2757 1263 2830 Praedica-

200 2890 317 2949 torum
340 2891 376 2948 et
397 2877 600 2967 Minorum,
620 2875 681 2971 qui
707 2873 893 2973 capitalius
916 2873 1041 2945 odium
1063 2876 1199 2946 caeteris
1220 2872 1262 2946 ad

200 2988 407 3089 pontificem
424 2991 559 3063 habere
582 2989 815 3080 dicebantur,
834 2988 1089 3086 nonnullisque
1111 2989 1189 3060 aliis
1209 3015 1264 3061 ec-

200 3107 332 3201 clesiis,
351 3134 413 3180 seu
438 3122 623 3206 premente
641 3122 739 3178 metu
755 3132 817 3179 seu
837 3105 1077 3178 obstinatione
1096 3104 1261 3192 nefanda,

201 3226 428 3299 interdictum
444 3227 590 3298 minime
606 3224 867 3314 observaretur,
884 3226 923 3295 in
935 3221 1130 3294 cathedrali
1146 3237 1263 3294 tamen

202 3357 238 3414 et
254 3344 365 3414 sancti
393 3340 566 3413 Johannis
589 3340 774 3437 collegiata
791 3339 968 3428 ecclesiis,
990 3352 1031 3410 ut
1052 3363 1161 3436 supra
1181 3338 1264 3409 diri·

204 3483 302 3548 mus,
323 3456 531 3530 servabatur
542 3460 564 3527 ².
676 3454 681 3459 ’

250 3573 546 3646 Terminabautur
573 3573 708 3645 interea
729 3597 820 3671 saepe
844 3587 881 3643 et
906 3569 1158 3644 indicebantur
1184 3597 1264 3645 con

202 3707 328 3763 ventus
360 3716 426 3788 pro
455 3714 543 3788 pace
573 3690 758 3761 tractanda
786 3713 884 3759 nunc
918 3689 955 3759 in
978 3689 1260 3786 Haga·C0mitis,

202 3809 361 3881 nuncin
390 3807 646 3897 Buscollucis,
673 3829 771 3881 nunc
796 3805 832 3875 in
862 3805 1079 3876 monasterio
1108 3802 1154 3875 de
1181 3806 1262 3877 Oes-

243 4051 272 4106 l.
295 4046 430 4125 Chapiue
451 4043 584 4123 imprime
608 4041 679 4100 dans
700 4041 741 4099 les
763 4045 901 4099 Analecta
920 4041 956 4098 de
974 4039 1125 4099 Matthaeus
1147 4052 1176 4097 et
1195 4038 1261 4096 dans

201 4144 408 4220 l'Amplr'ssimn
419 4143 555 4198 collectae.

242 4239 272 4297 2.
293 4235 440 4296 Ci-dessus
453 4278 461 4306 ,
476 4255 506 4312 p.
523 4236 592 4292 lib.
